2924 5018
672 277 891 340 ...74-

212 454 338 534 spioeret
364 453 463 533 mugil,
489 471 668 532 causamque
692 454 865 534 excogitavit
885 473 1002 528 novam,
1029 473 1171 535 quarem
1195 454 1356 534 explicaret

212 562 241 614 et
262 571 315 613 suo
336 551 459 614 consilio
475 553 583 614 caudae
597 552 718 615 vorhera
734 554 945 616 accomodaret.
990 554 1074 626 Quod
1093 554 1276 634 praeclarum
1293 571 1356 634 quo

209 651 375 714 illustretur
410 651 534 713 istorum
571 652 749 731 scriptorum
788 652 953 732 compilatio
980 653 1146 732 exemplum
1173 659 1227 714 est.
1271 652 1357 713 Duae

211 749 247 811 de
269 749 426 811 calliditate
447 749 589 827 mugilum
612 750 734 812 fabellae
759 751 892 813 fuerant:
920 752 1009 813 altera
1031 751 1068 811 de
1090 751 1225 813 evitando
1246 751 1356 811 hamo

211 870 299 931 quam
316 859 345 913 et
359 850 533 913 Plutarchus
554 857 584 909 et
599 848 719 910 Ovidius
739 849 921 922 memoravit,
946 850 1036 913 altere
1057 851 1093 912 de
1115 849 1252 911 evitando
1272 857 1357 910 rete

106 960 110 981 ¹
210 969 299 1031 quam
322 968 410 1012 unam
430 948 582 1030 Oppianus
608 964 721 1026 ponere
746 950 826 1009 inter
851 948 977 1028 piscium
1004 948 1176 1010 calliditates
1202 949 1272 1011 satis
1300 953 1356 1010 ha-

210 1048 471 1127 huit11198sqq.‚
502 1065 570 1109 cum
599 1040 775 1126 praeteriret
804 1045 880 1108 hano
909 1046 1018 1108 latinns
1047 1054 1148 1127 poeta,
1178 1047 1357 1128 praeteriret

210 1148 297 1208 etiam
314 1146 497 1219 Plutarchus,
521 1145 570 1226 qui
592 1145 651 1205 duo
673 1151 791 1206 tantum
811 1146 882 1207 retis
905 1139 1014 1208 vitandi
1035 1147 1168 1226 exempla
1182 1146 1358 1227 prolaturus

210 1245 336 1324 mugiles
362 1262 422 1306 non
448 1242 612 1325 praemittit
637 1242 694 1304 nisi
721 1243 785 1323 capi
810 1251 872 1305 rete
897 1263 927 1324 p.
944 1242 1004 1305 977
1012 1244 1044 1305 P.

294 1343 336 1404 De
361 1344 430 1422 lupo
458 1360 575 1422 quoque
601 1341 715 1403 fabulae
742 1349 875 1422 acceptae
901 1344 976 1404 duae
1000 1343 1094 1405 fuere.
1138 1341 1247 1405 lterum
1271 1344 1357 1407 enim

210 1442 246 1502 de
261 1460 295 1502 eo
312 1442 486 1504 Plutarchus
502 1439 595 1501 amr
615 1441 696 1502 hunc
714 1441 747 1502 in
769 1442 905 1504 modum:
927 1435 1028 1503 Ἀλλοὶ
1056 1437 1224 1523 καὶπρὸς
1248 1441 1357 1504 ταῦτα

210 1537 263 1617 (sc.
293 1537 333 1599 coi
363 1537 491 1616 δίκτυα)
520 1537 666 1623 μηχαναὶ
695 1547 769 1612 ταῖς
797 1538 916 1616 γαλαῖς
946 1534 1058 1620 ὥσπερ
1087 1539 1138 1621 τῷ
1166 1536 1358 1620 λάβρακι·

210 1637 415 1720 *συρομένην
434 1636 496 1719 γὰρ
512 1632 760 1718 αἰσθανόμενος
774 1639 842 1717 βίᾳ
858 1633 1035 1720 διΐστησι
1051 1635 1107 1699 καὶ
1127 1632 1245 1700 τύπτει
1265 1658 1358 1699 κοι-

209 1734 352 1799 λαίνων
380 1732 591 1817 τοῦδαφος·
632 1729 712 1798 ὅταν
741 1733 779 1797 δὲ
808 1730 956 1820 *ποιήσῃ
986 1736 1042 1818 τῆς
1071 1733 1255 1818 ἐπιδρομῆς
1293 1737 1358 1801 τοῦ

209 1831 342 1896 δικτύου
371 1832 481 1918 χώραν
509 1831 612 1896 ἔωσεν
641 1829 759 1896 ἑαυτὸν
787 1831 844 1894 καὶ
878 1836 1112 1917 προςέχεται
1140 1835 1278 1918 μέχρις
1308 1830 1358 1899 διν

209 1931 405 2016 παρέλθῃ.

209 2050 276 2112 Non
303 2051 386 2112 ahter
407 2051 558 2131 Oppianus
573 2048 613 2111 Ill
631 2048 707 2110 121:

318 2144 486 2232 Λάβραξ
514 2145 557 2210 δὲ
582 2143 820 2231 πτερύγεσσι
847 2144 917 2209 διὰ
940 2143 1155 2230 ψαμάθοιο
1181 2140 1357 2236 λαχῄνοις

310 2243 460 2331 βόθρον
486 2242 566 2311 ὅσον
592 2244 758 2318 δέξασθαι
785 2243 840 2309 ἑὸν
868 2244 982 2329 δέμας,
1009 2240 1079 2329 ἠύτ’
1107 2244 1140 2320 ἒς
1167 2241 1262 2330 εύνῂν

309 2343 491 2429 ἐκλίνθη·
518 2344 575 2408 καὶ
599 2344 652 2408 τοὶ
679 2343 738 2426 μέν
763 2340 818 2406 ἐπ’
845 2339 959 2426 ἠϊόνας
984 2340 1166 2422 κατάγουσι

308 2443 439 2507 δίκτυον
464 2440 658 2527 ἇσπαλιῆες,
684 2439 702 2505 ὁ
729 2439 760 2506 δ’
789 2439 857 2505 ἰλύι·
881 2445 1030 2526 κείμενος
1057 2439 1162 2516 οὕτως

309 2539 520 2615 ἀσπασίως
546 2539 670 2626 ἤλυξε
696 2539 751 2602 καὶ
777 2538 916 2624 ἔκφυγεν
941 2539 1042 2625 ἄκρον
1067 2538 1221 2624 ὀλέθρου.

208 2668 285 2730 llinc
315 2669 474 2730 lacunosus
500 2666 585 2729 latini
610 2666 766 2744 fragmenti
798 2667 880 2728 locus
915 2667 972 2728 iam
1006 2666 1121 2746 plenior
1151 2666 1280 2729 adscribi
1311 2668 1355 2732 ita

208 2768 317 2849 poterit
336 2787 364 2828 v.
381 2765 508 2846 23sqq.:

309 2894 432 2955 Clausus
458 2898 522 2952 rete
548 2890 654 2969 lupus
681 2888 815 2969 quamvis
841 2888 954 2950 inmitis
982 2897 1012 2951 ct
1038 2907 1104 2951 acer

309 2989 468 3052 Dimotis
495 2989 586 3049 canda
612 2987 826 3050 submissus
854 2987 944 3049 sidit
969 2988 1097 3049 arenis

310 3086 358 3169 [ln
383 3089 527 3167 foveaque
553 3086 662 3160 iacens,
691 3085 740 3148 uhi
765 3092 831 3147 rete
856 3082 985 3167 levatur]
1012 3087 1045 3147 in
1071 3104 1168 3159 auras,

308 3186 446 3247 Emicat
472 3192 561 3265 atque
588 3185 670 3246 dolos
694 3186 771 3247 saltu
797 3183 910 3246 deludit
934 3183 1055 3244 inultus.

209 3312 265 3372 Sed
288 3312 378 3374 etiam
397 3309 548 3373 Plutarchi
567 3310 663 3371 verbis
684 3309 918 3372 succurrendum
944 3307 1069 3370 videtur.
1115 3308 1248 3372 Primum
1269 3312 1352 3373 enim

208 3410 325 3471 etiamsi
336 3409 560 3490 Wyttcnbachio
576 3408 747 3489 parebimus
763 3427 852 3470 sensu
864 3406 1006 3468 carebunt
1017 3408 1071 3468 ista
1085 3401 1164 3469 ὅταν
1176 3404 1213 3470 δὲ
1225 3406 1353 3494 ποιήσῃ

208 3507 318 3590 (πρὸ)
345 3509 400 3591 τῆς
427 3505 611 3589 ἐπιδρομῆς
636 3506 694 3568 τού
724 3500 858 3567 δικτύου
883 3496 993 3586 χώραν
1019 3501 1120 3569 ἔωσεν
1146 3503 1263 3569 ἑαυτὸν
1289 3527 1352 3588 cqs.

207 3605 283 3678 Quid
309 3615 354 3668 est
384 3607 463 3668 enim
490 3598 676 3687 incdpopm'?
701 3599 721 3667 δ
747 3601 930 3686 ἕπίδρομος
955 3604 1144 3666 venatoribus
1173 3605 1255 3667 funis
1280 3602 1354 3668 retis

206 3705 342 3783 superior
367 3704 503 3767 audiebat
529 3722 588 3782 quo
614 3711 678 3764 rete
702 3702 800 3782 ipsum
827 3697 1028 3766 attrahebatur
1049 3704 1099 3773 (cl.
1121 3704 1231 3765 Polluc.
1252 3706 1275 3768 V
1296 3705 1354 3779 293

206 3801 283 3865 Plini
298 3811 401 3865 antem
416 3803 504 3865 rerba
519 3802 586 3863 XIX
604 3803 638 3860 ll
659 3801 698 3862 ita
715 3801 863 3862 adscribo:
887 3797 1063 3882 vidimusque
1082 3809 1181 3863 tamen
1197 3811 1296 3866 tamne
1309 3812 1354 3865 te-

206 3907 326 3964 nuitatis
351 3912 383 3963 ct
402 3900 522 3962 onclrim
550 3901 672 3961 hominis
700 3917 765 3960 cum
795 3901 946 3979 epidromis
973 3903 1143 3975 ονοιιείνυυι,
1172 3899 1269 3979 (va)
1292 3919 1353 3964 υκο

203 4012 337 4082 portante
359 3999 572 4063 multitudinem
594 4015 651 4078 pao
672 3997 762 4058 salros
785 4001 992 4078 deportatum
1018 3999 1118 4079 itaque
1140 3994 1161 4080 ἡ
1186 3996 1353 4083 ἐπιδρομή

206 4100 264 4161 τοῦ
294 4094 427 4160 δικτύου
456 4097 518 4176 ipsa
549 4095 700 4157 adstrictio
730 4095 800 4156 retis
830 4113 927 4175 neque
953 4097 1031 4159 aliud
1061 4104 1116 4158 est.
1160 4098 1252 4158 Porro
1279 4097 1353 4178 quid

206 4197 262 4258 sihi
280 4198 343 4258 vult
361 4189 475 4278 χώραν
493 4192 628 4256 ποιετνέ
657 4193 730 4255 Rem
751 4194 775 4255 si
795 4195 970 4274 spectaretis
997 4196 1065 4258 talia
1090 4195 1245 4275 flagitabis:
1271 4189 1355 4258 ὅταν

207 4293 245 4357 δὲ
266 4291 434 4378 προνοήσῃ
455 4296 511 4379 τῆς
527 4293 710 4378 ἐπιδρομῆς
734 4295 796 4359 τού
821 4294 955 4360 δικτύου
980 4297 1010 4359 τ“
1035 4293 1133 4377 ὥραν.
1163 4298 1258 4359 Porro
1272 4305 1355 4360 stare

209 4395 313 4474 nequit
328 4385 430 4458 ἔωσεν
445 4391 576 4458 ἑαυτύνε
603 4396 712 4475 poterit
727 4395 877 4468 ελςέωσεν
892 4393 1009 4459 ἑαυτὸν
1022 4397 1053 4460 in
1070 4415 1166 4478 eoque
1180 4396 1355 4477 acquiesco3
