2924 5018
508 237 511 245 ’
588 267 725 331 aar
773 299 815 328 -..-

136 447 168 509 in
191 445 437 508 antecedentibus
461 462 607 525 nusquam
631 449 793 524 comparet.
838 442 925 517 Quod
952 443 977 504 si
999 442 1193 524 probabiliter
1213 444 1278 505 loco

135 544 266 606 indicato
297 545 473 616 lacunosum
499 542 686 606 intervallum
715 541 887 614 statuimus,
923 542 1029 623 etqui
1058 541 1121 605 eius
1149 542 1278 606 ambitus

135 643 226 706 luerit
248 651 278 704 et
301 660 376 723 quae
399 641 537 705 materies
558 660 641 703 nunc
666 660 728 702 non
752 648 879 720 estque
903 640 1109 703 diiudicemus.
1143 676 1181 683 -
1217 640 1279 702 lam

136 762 205 804 vero
227 741 318 803 trium
341 740 458 802 illorum
487 741 621 802 locorum
648 739 699 820 qui
725 738 863 820 piscatori
890 737 1013 801 ultimus
1047 738 1132 801 nobis
1164 740 1279 819 primus

136 840 183 901 sit.
227 838 269 901 lta
291 838 519 919 prolerre-eum
542 836 704 900 editoribus
725 837 836 918 placuit
858 840 898 912 (v.
922 836 961 898 90
975 840 1047 919 sq.):

236 977 316 1040 Num
338 978 411 1041 vada
433 976 570 1041 subnatis
591 977 652 1039 imo
674 976 838 1043 viridentur
858 976 895 1038 ab
916 976 1017 1039 herbis

239 1074 432 1156 Obiectetque
453 1094 553 1138 moras
575 1083 605 1137 et
626 1075 723 1136 mollis
745 1073 851 1136 vestiat
872 1075 943 1155 alga.

137 1225 204 1294 Non
225 1225 380 1289 credebam
405 1244 460 1306 ego
483 1227 622 1309 equidem
652 1227 800 1308 hodieque
826 1226 982 1308 bucusque
1011 1227 1116 1288 llorere
1146 1225 1281 1307 interpo-

133 1324 278 1392 lationem
309 1332 362 1388 aut
388 1333 511 1389 tantum
543 1327 638 1389 valore
671 1325 791 1388 arbitria
824 1325 982 1388 levissima.
1025 1326 1119 1405 llga
1152 1323 1280 1385 mollis

138 1422 305 1485 obiectat
329 1458 367 1468 -
391 1424 449 1486 hoc
464 1432 511 1485 est
531 1423 653 1486 alfort
674 1424 721 1485 vel
742 1422 852 1487 lacitl
867 1456 911 1468 *-
936 1442 1117 1486 moras-
1139 1419 1281 1485 cuinam?

137 1520 263 1600 piscanti
278 1539 316 1584 an
331 1519 427 1610 pisci?
442 1555 478 1601 .··
507 1531 544 1584 ct
564 1522 679 1593 vestit
698 1555 739 1566 -
763 1519 950 1603 quemnam?
973 1540 1099 1602 quaeso;
1132 1521 1281 1582 iterumne

138 1616 326 1700 piscantem?
360 1637 398 1681 an
419 1617 555 1702 piscem?
586 1639 623 1682 an
647 1620 746 1701 potius
766 1617 903 1700 lapides?
935 1620 1105 1699 imaginatio
1130 1620 1283 1699 desperat3

132 1714 190 1779 'sed
211 1717 243 1778 in
265 1717 400 1796 margine
420 1721 547 1780 fortasse
568 1719 696 1799 scriptor
717 1717 845 1798 lapidem
868 1718 1050 1800 adpinverat.
1095 1718 1133 1780 vlt
1154 1717 1283 1780 coboea-

133 1815 252 1876 tionem
274 1814 378 1876 saltem
401 1817 478 1878 hanc
499 1814 623 1878 subiecti
646 1815 740 1878 mollis
761 1816 829 1897 alpe
857 1818 903 1878 vel
925 1817 1039 1897 optima
1062 1817 1121 1879 lide
1142 1816 1282 1890 traditam

138 1900 263 1976 tolerare
282 1930 356 2001 'non
390 1913 537 1975 debebant
569 1914 600 1977 in
629 1914 720 1977 latino
752 1924 851 1996 poeta,
885 1916 938 1977 sed
969 1914 1127 1996 periclitari
1160 1913 1282 1977 talibus:

138 2011 274 2075 Oblectet
303 2011 493 2093 mollisque
525 2030 624 2075 moras
651 2023 680 2075 et
706 2015 813 2076 vestiat
840 2013 939 2094 alga,
973 2025 1007 2077 ut
1039 2013 1284 2076 nanciscerentur

138 2109 268 2185 tandem,
292 2128 390 2176 moras
413 2111 483 2191 quid
507 2110 612 2173 fuisset
635 2110 715 2192 quod
738 2112 906 2175 obiectaret.
943 2113 1078 2193 Denique
1101 2113 1282 2174 locutionem

139 2210 277 2272 eluctare
297 2226 394 2271 moros
421 2228 480 2289 quo
502 2209 657 2271 firmarent
685 2209 732 2271 vix
758 2211 900 2274 tenebant
929 2210 1106 2292 exemplum.
1150 2209 1285 2272 Tradidit

139 2306 313 2388 antiquitas:
352 2307 520 2388 oblectetque
554 2324 651 2370 mores
683 2317 710 2370 et
738 2306 821 2371 molli
856 2311 962 2371 suniat
994 2308 1084 2388 cipue.
1142 2309 1283 2388 Benigne.

137 2407 211 2468 Nam
238 2405 322 2467 istud·
347 2405 486 2468 ellemaro
518 2404 592 2468 licet'
614 2404 732 2467 obtrudi
759 2405 861 2468 Ovidio
896 2407 943 2468 vix
970 2415 1080 2487 posset,
1113 2415 1214 2469 tamen
1246 2425 1283 2468 ex

137 2504 326 2586 apertissima
352 2504 437 2565 fluxit
469 2503 554 2565 Ovidi
586 2504 754 2566 imitatione
787 2505 839 2585 qui
871 2505 1031 2586 scripserat
1057 2504 1145 2568 Trist.
1174 2505 1208 2580 V,
1232 2506 1281 2579 12,

141 2606 173 2665 1:
199 2604 292 2666 studio
314 2601 453 2667 odlodure
474 2611 591 2682 tempus,
623 2621 751 2682 quocum
775 2604 888 2684 optime
915 2589 1046 2666 concinit
1073 2605 1152 2684 quod
1176 2604 1281 2665 lulium

134 2703 310 2789 ¹Paelignum
334 2702 415 2767 iners
439 2701 533 2768 otium
553 2702 719 2771 oblectasse
734 2703 958 2765 conversatione
980 2721 1152 2779 scurrarum
1163 2703 1282 2765 Tacitus

138 2800 209 2875 dicit
233 2798 399 2880 cumdii,
422 2798 474 2862 49.
518 2801 620 2880 ltaque
647 2800 715 2880 quia
743 2800 848 2865 tradita
881 2799 970 2863 verba
997 2820 1063 2863 esse
1092 2818 1162 2863 sana
1191 2818 1282 2863 sanus

138 2899 269 2988 quisque,
285 2898 434 2978 intellegat
456 2916 579 2968 neeesse
603 2906 658 2972 est,
682 2898 818 2979 sequitur
840 2905 873 2961 ut
894 2897 980 2961 foede
1002 2899 1050 2961 hic
1071 2917 1191 2980 quoque
1215 2917 1281 2961 mu·
1398 2938 1401 2942 -

137 2997 238 3072 tilatqs
259 2997 341 3060 locus
363 2998 419 3074 sit3
441 2997 591 3061 intercidit
612 3017 725 3069 nomen
748 2999 814 3061 eius
841 2997 893 3079 qui
917 3007 948 3061 et
975 3017 1074 3062 moras
1103 2998 1232 3062 oblectet
1253 3005 1284 3065 et

137 3094 218 3173 algae
238 3094 357 3167 serviat,-
377 3094 436 3157 hoc
456 3094 612 3176 est-piscis
635 3113 748 3161 nomen
769 3095 850 3158 inter
870 3098 943 3160 vada
966 3096 1123 3161 viridantia
1143 3098 1279 3160 viventis.

137 3194 242 3277 bique
263 3193 337 3271 tales
365 3210 437 3284 sane
464 3194 561 3275 pisces
590 3194 664 3278 quin
685 3193 749 3256 noti
776 3194 889 3257 fuerim
920 3195 1055 3259 dubitare
1077 3197 1155 3272 noli3
1187 3215 1284 3277 neque

138 3293 218 3365 enim
240 3292 455 3362 documentum
476 3292 592 3357 adicere
622 3292 673 3356 bic
693 3293 791 3373 placet
812 3301 932 3375 praeter
960 3295 1056 3357 nostri
1083 3295 1178 3374 ipsius
1200 3295 1282 3374 trag·

89 3406 92 3412 ·
137 3391 235 3471 menti
254 3409 280 3452 v.
306 3388 377 3465 119,
398 3390 450 3453 ubi
471 3391 598 3471 piscium
620 3391 783 3468 multorum
800 3392 983 3455 enumeratio
1002 3392 1155 3454 inducitur
1169 3392 1281 3456 indice:

137 3487 268 3569 1331333.
274 3491 363 3570 pqces
379 3487 529 3557 laetentur
550 3506 650 3567 areop,
672 3500 705 3554 ut
718 3508 818 3553 scente
838 3507 899 3569 eqs.
944 3488 1026 3551 inter
1045 3508 1122 3570 quos
1138 3490 1282 3556 heluoues

136 3572 270 3667 marinos
292 3586 548 3661 luxuriosissimus
569 3587 664 3652 fuisse
685 3588 803 3650 videtur
818 3586 960 3649 cinaedus
977 3605 1066 3667 quem
1081 3585 1283 3672 θηλύφρονα

138 3693 224 3767 vocat
245 3683 397 3769 Oppianus
420 3683 483 3753 Hal.
504 3684 527 3763 l,
552 3683 623 3760 127,
668 3685 727 3748 Sed
756 3684 943 3747 intercidisse
969 3704 1087 3749 versum
1118 3688 1208 3752 etiam
1230 3690 1285 3755 bac

139 3783 285 3853 evinctus
303 3783 436 3851 radone:
469 3782 502 3845 iu
523 3803 550 3845 v.
574 3782 614 3849 99
638 3783 805 3847 viridantur
832 3783 904 3846 vada
931 3787 1019 3863 v'mo5⁴
1036 3787 1088 3849 sed
1116 3790 1174 3852 imo
1201 3789 1284 3851 nullo

138 3882 228 3961 ruodo
249 3900 304 3962 pro
317 3884 358 3943 io
373 3883 444 3959 >ipset
464 3881 510 3960 vel
531 3885 592 3945 lero
612 3882 751 3964 usurpari
766 3890 881 3963 poterat
903 3883 1055 3966 adfuitque
1070 3885 1156 3964 plane
1171 3905 1284 3953 nomen

137 3980 238 4062 ipsum
260 3978 308 4042 cui
330 3979 472 4065 ablativus
500 3979 553 4042 ille
581 3981 787 4054 adclinaretur‚
820 3982 851 4045 id
878 3984 957 4063 quod
987 3999 1028 4045 ne
1054 3984 1131 4064 legit
1160 3986 1283 4065 quidem

137 4079 319 4161 interpretes
342 4084 464 4144 veteres.
507 4076 675 4158 Legebatur
700 4083 832 4143 antimo
852 4081 944 4161 faede
966 4081 1091 4160 Vergilio
1115 4083 1189 4144 duce
1211 4083 1283 4146 Aen

138 4176 260 4263 11,,,419
288 4182 354 4251 aut,
389 4174 467 4257 quod
495 4175 654 4241 volubilius
684 4184 744 4254 est,
773 4181 830 4241 imo
856 4183 967 4260 purqite
1000 4178 1124 4253 ducibus
1159 4181 1284 4260 Vergilio

137 4276 211 4356 ‚bapt
234 4275 284 4360 lli,
307 4273 372 4336 421,
392 4283 424 4336 et
445 4272 549 4338 Ovidio
570 4275 649 4347 Fast
669 4276 719 4350 lll,
742 4275 813 4339 591.
836 4302 838 4307 ’
857 4277 971 4350 Quibus
992 4278 1148 4357 perpensis
1163 4279 1203 4342 ita
1218 4279 1283 4342 fere

139 4380 296 4457 capteserp
316 4374 414 4459 locum
431 4373 525 4459 bunc,
533 4374 709 4438 debebimus
731 4378 782 4454 (ne
797 4376 874 4451 torte
888 4377 976 4441 talem
991 4377 1172 4443 senteutiam
1188 4379 1282 4461 qualis
