2924 5018
611 284 857 347 -114—

160 465 285 521 noverat
310 458 358 521 bic
382 477 457 539 quae
478 458 695 538 separabantur
712 457 749 520 ab
765 458 882 520 Hicesio
899 458 988 538 (apud
1007 458 1112 521 dtben.
1130 457 1243 536 3200)
1264 478 1314 521 ru·

159 557 246 619 brum
273 559 397 619 alterum
425 558 551 618 alterum
577 556 708 635 nigrum,
736 568 824 636 atque
852 556 977 618 rubrum
992 563 1110 619 tantum
1127 574 1146 619 a
1163 556 1313 618 Numerio

160 655 225 735 eligi
239 656 374 718 videmus
389 655 443 734 irg.
458 655 543 716 xvtt
575 655 662 727 Quod
678 673 747 716 vero
773 656 802 715 in
829 655 920 716 latino
946 655 1024 716 libro
1048 656 1174 717 additur
1197 655 1313 717 nomini

159 757 259 834 capitia
282 758 340 816 icta
363 757 525 825 ιιοοίειιιοιι,
556 754 694 815 similiter
719 754 873 833 Oppianus
898 753 1010 816 addidit
1036 747 1174 838 ἀϊκτιίρι
1202 754 1315 816 scilicet

160 851 339 935 πληκτικός
352 852 443 932 piscis
457 852 514 913 luit
528 853 635 914 Athen.
651 853 669 912 l.
685 853 703 912 l.
734 852 812 924 Ouid
827 853 884 913 luit
904 852 995 929 igitur
1021 871 1082 933 quo
1108 852 1206 915 iceret
1230 872 1313 915 scor·

158 948 248 1031 pius?
289 952 392 1031 Capita
416 950 538 1029 quidem
567 949 690 1012 Ovidius
717 950 814 1021 docet,
839 960 869 1011 at
894 951 1048 1030 Oppianus
1074 952 1184 1013 {1459
1210 952 1312 1014 aculco

159 1050 259 1129 potius
274 1058 425 1129 pungente
440 1056 471 1109 et
493 1064 640 1110 venenum
658 1050 806 1111 mittente:
827 1068 903 1128 quae
925 1051 1002 1111 duae
1020 1051 1195 1111 sententiae
1209 1050 1312 1113 couri·

159 1148 224 1210 liari
240 1149 318 1208 inter
331 1166 364 1208 se
379 1147 504 1208 minime
519 1156 656 1227 possunt,
682 1165 781 1229 neque
803 1157 869 1210 utra
895 1148 967 1210 falsa
983 1149 1023 1211 sit
1038 1148 1090 1211 diu
1104 1150 1314 1223 haerebimusa

158 1265 228 1308 nam
255 1248 291 1308 ad
318 1247 456 1308 bestiolas
471 1262 622 1308 venenoso
639 1248 742 1309 aculeo
759 1256 901 1308 nocentes
917 1248 1082 1327 pastinacas
1098 1248 1312 1329 scolopendras

158 1346 302 1408 dracones
317 1345 433 1426 scorpio
456 1345 670 1408 adnumeratur
692 1356 726 1408 ut
744 1348 823 1426 apud
840 1346 1008 1426 Oppianum
1024 1347 1065 1408 ita
1080 1347 1162 1427 apud
1180 1347 1311 1409 Plinium

159 1464 280 1525 quoque
295 1444 402 1505 XXXll
418 1445 470 1516 44,
479 1443 532 1504 XX
545 1446 595 1504 50.
618 1446 721 1525 ltaque
737 1445 840 1524 capitis
856 1446 947 1507 ictum
964 1446 1116 1525 scorpioni
1132 1446 1208 1507 dare
1223 1454 1309 1526 poeta

158 1545 283 1605 omnino
305 1561 367 1605 uon
390 1551 522 1622 poterat,
544 1550 683 1622 poteraut
704 1544 840 1605 lectionis
863 1545 946 1624 lapsu
969 1544 1090 1606 librarii.
1134 1544 1215 1606 Nam
1238 1543 1309 1606 mibi

158 1642 277 1722 quidem
301 1642 436 1704 Ciacconi
459 1643 529 1704 illud
554 1643 721 1722 perplacet:
745 1645 782 1705 Bt
804 1652 904 1722 captur
923 1644 998 1705 daro
1012 1647 1165 1705 nocitwac
1180 1646 1309 1723 samias

157 1745 224 1813 ictu,
251 1742 363 1803 scilicet
387 1758 497 1814 „mauu
520 1741 636 1820 scorpio
658 1740 684 1802 si
707 1742 823 1821 capitur
837 1741 885 1819 (ci.
904 1741 979 1803 Plio.
994 1741 1103 1803 xxxii
1120 1741 1200 1821 148)
1222 1760 1310 1803 noca·

160 1839 236 1899 bit“:
270 1859 346 1918 quae
368 1839 455 1901 lectio
480 1839 567 1900 etiam
591 1839 755 1902 orationem
780 1839 965 1920 singulariter
986 1841 1120 1902 adiurat:
1142 1839 1206 1901 iam
1229 1840 1307 1902 cuim

158 1938 216 2023 dici
231 1948 329 2017 potest
346 1957 401 2000 cur
414 1956 476 1999 non
492 1955 596 1999 noceres
612 1937 703 2015 magis
726 1956 814 2017 quam
829 1942 980 1999 nocimrac
992 1937 1189 1999 scribendum
1204 1947 1309 2019 poetae

157 2035 257 2096 luerit.
302 2036 398 2114 Atque
430 2054 469 2097 ne
501 2036 546 2096 his
580 2037 701 2116 quidem
729 2037 792 2116 ipsa
821 2037 974 2116 scriptoris
996 2036 1083 2098 rerba
1112 2054 1307 2117 recuperarat

159 2134 309 2196 videmur:
347 2152 416 2196 nam
449 2135 540 2196 ictum
579 2135 662 2195 illum
696 2144 878 2197 venenosam·
910 2134 1104 2215 punctionem
1125 2153 1215 2197 -rsse
1248 2150 1306 2197 coa

157 2232 240 2294 duri
263 2234 396 2304 notione,
419 2233 472 2295 sed
495 2232 566 2294 diri
588 2233 786 2294 indicabatur.

240 2332 375 2413 Denique
397 2331 531 2394 unanimi
553 2331 586 2392 iu
610 2333 664 2393 bac
686 2350 860 2412 quoquere
883 2338 1003 2412 poetae3
1029 2348 1126 2411 neqm
1148 2349 1224 2393 vero
1246 2348 1306 2393 nou

156 2432 188 2493 in
210 2451 246 2494 ao
268 2432 348 2512 quod
377 2448 489 2492 nomen
511 2438 639 2510 uterque
673 2448 914 2517 cercyrorum
948 2430 1091 2493 exhibent
1110 2428 1166 2491 Or.
1188 2436 1219 2491 r.
1238 2426 1305 2495 tot.

156 2529 259 2611 Oppi
277 2531 347 2599 141,
375 2531 510 2608 ignotum
539 2529 595 2590 toti
624 2528 792 2608 antiquitati
827 2529 956 2609 reliquae
982 2535 1101 2608 practer
1124 2526 1306 2607 Hesychiuan

156 2628 467 2709 (er.innap181l;
503 2628 637 2691 unanimi
667 2629 755 2690 etiam
787 2645 940 2706 cercyrum
976 2625 1129 2688 saxatilem
1162 2644 1233 2689 ease
1262 2624 1307 2687 ral

156 2729 347 2808 scopulorum
363 2729 421 2791 tine
437 2728 547 2789 morari
562 2728 762 2808 scripserunt3
778 2727 906 2787 ieroeem
924 2745 989 2788 esse
1005 2742 1082 2787 uuus
1095 2723 1235 2787 Ovidius.
1263 2722 1306 2787 Nc

155 2844 224 2889 vero
247 2828 314 2907 quia
338 2826 429 2904 magis
451 2830 562 2888 cercuro·
585 2826 676 2889 scribi
697 2825 799 2888 iubeat
819 2832 852 2886 ut
879 2844 982 2904 graece
1004 2823 1190 2905 κέρκουροι,
1216 2822 1305 2887 etiam

156 2926 273 2987 narium
309 2924 424 3004 species
456 2924 629 3006 κέρκουρος
656 2925 732 3005 apud
757 2925 885 2985 Graecos
917 2922 1040 3002 legitur,
1068 2920 1147 3002 apud
1171 2921 1304 2985 Plinium

153 3018 289 3101 cercyna
304 3021 353 3083 v11
369 3021 442 3093 208,
464 3038 562 3101 neque
585 3021 664 3083 varia
687 3024 742 3084 bac
756 3021 902 3102 scriptura
918 3021 976 3100 ipsi
990 3020 1093 3083 Graeci
1107 3036 1174 3083 nou
1187 3020 1305 3099 praeie-

156 3129 237 3195 raut3
270 3120 376 3199 legitur
408 3119 490 3182 enim
518 3121 671 3203 κέρκορος
693 3121 723 3182 in
747 3120 860 3183 scholio
882 3120 918 3182 ad
941 3119 1089 3198 Aristoph.
1112 3117 1180 3181 Pac.
1195 3137 1227 3180 rs
1245 3116 1304 3181 tat

154 3218 238 3298 (inde
268 3220 345 3299 apud
368 3217 489 3280 Suidam
524 3237 546 3278 s.
573 3237 599 3279 v.
624 3214 854 3301 Νικξιοιιργής),
876 3219 1108 3299 invitaveratque
1141 3217 1180 3280 ad
1213 3219 1304 3281 talam

154 3318 331 3399 scripturam
365 3317 517 3397 graeculos
548 3316 757 3396 grammaticos
789 3317 1035 3396 etymologiarum
1071 3317 1213 3396 captatio,
1250 3317 1304 3381 dc·

155 3418 303 3480 nominari
336 3418 416 3479 enim
448 3415 612 3479 naviculam
646 3416 722 3478 banc
754 3411 823 3477 ἀπὸ
857 3411 1021 3496 Κορκύρας
1053 3413 1194 3477 dicebaut
1225 3414 1304 3477 sicat

155 3513 295 3598 πάροικοι
318 3511 386 3578 ἀπὸ
412 3512 526 3600 Πάρου
547 3513 671 3590 similia3
700 3522 789 3594 atque
811 3513 868 3574 boc
891 3532 945 3575 usu
969 3512 1096 3575 Romani
1116 3520 1302 3593 receperant.

155 3614 188 3674 ln
205 3614 306 3677 Sticho
326 3623 428 3677 tamen
443 3615 541 3676 Plauti
557 3633 584 3675 r.
601 3611 664 3675 368
679 3631 832 3675 cercurum
846 3631 900 3692 pro
923 3629 1072 3690 cercyrum
1093 3610 1195 3691 prisco
1217 3630 1303 3677 more

155 3713 298 3792 scriptum
326 3720 438 3775 statuas
460 3730 581 3775 necesse
614 3730 676 3773 nou
710 3721 770 3786 est;
801 3712 859 3774 uisi
887 3711 967 3792 quod
989 3710 1069 3772 varia
1100 3709 1141 3773 ibi
1173 3711 1303 3775 lectione

155 3814 296 3872 οιιοιιιιιιι
329 3821 419 3890 atqua
447 3812 520 3873 adeo
548 3830 585 3873 eo
615 3811 695 3890 quod
717 3811 831 3873 Nouius
860 3810 980 3873 tradidit
1008 3827 1156 3889 οριιοπικι
1179 3808 1303 3890 uraugia

154 3911 325 3990 produntur
357 3904 511 3973 doctrinae
539 3917 742 3973 correctorum
772 3909 974 3991 postoriomm
999 3909 1037 3971 de
1059 3907 1153 3971 vocali
1180 3908 1302 3973 disocu-

153 4009 302 4071 tiantium.

240 4107 430 4188 Pompilus
458 4105 588 4187 denique
611 4105 686 4183 (aliis
709 4106 840 4169 nautilus
864 4104 973 4182 dotus)
996 4104 1026 4166 in
1049 4105 1144 4169 latino
1164 4106 1301 4170 carmine

42 4202 45 4207 ’
156 4225 182 4267 v.
203 4206 260 4267 100
284 4207 363 4286 quod
386 4206 484 4268 sulcos
505 4206 623 4268 narium
639 4207 844 4288 concitemur,
867 4207 960 4278 etiam,
972 4207 1050 4267 buno
1064 4205 1175 4285 piscem
1190 4201 1302 4286 papal-

155 4323 259 4385 νομον
292 4322 358 4366 esse
383 4304 540 4377 docentum
574 4322 672 4385 neque
695 4304 778 4367 aliter
801 4304 984 4384 Oppianusl
1004 4303 1077 4365 ¹87:
1112 4304 1235 4391 πομπῇ
1266 4299 1300 4366 d’

154 4400 369 4486 ἐπεφήμισαν
404 4399 529 4485 οὔνομα
564 4406 659 4487 νηῶν.
717 4403 772 4465 llic
808 4413 908 4464 autom
943 4404 1029 4464 locus
1064 4409 1109 4463 est
1145 4420 1208 4481 quo
1239 4402 1302 4489 Ha·

154 4500 270 4563 nocua
299 4501 391 4564 latina
423 4518 485 4565 non
517 4502 670 4583 scripturis
701 4511 822 4578 tautum
856 4501 1019 4581 corruptio,
1050 4500 1103 4562 aad
1129 4499 1220 4567 ctiam
1240 4500 1301 4573 alio
