2924 5018
581 250 802 314 ..41-

119 430 234 508 giacum
255 429 402 508 pertinere
424 427 566 490 videatur.
609 428 821 506 Fragmentum
845 426 1002 488 dicoillud
1027 427 1105 506 quod
1130 425 1263 488 continet

119 529 237 607 quidem
262 528 456 589 medicamina
474 527 567 600 faciei,
592 528 762 589 continebat
784 525 855 587 olim
872 525 972 604 potius
995 525 1108 586 formae
1131 525 1260 587 medica-

119 627 197 688 mina
218 636 248 687 et
272 626 393 705 quidem
409 626 589 688 feminarum
609 626 675 705 ipso
692 625 794 686 Ovidio
817 632 894 686 teste
910 625 972 685 Art.
988 624 1025 685 lll
1042 624 1118 685 205:
1142 643 1261 703 parvus,

118 726 169 786 sed
194 743 264 786 cura
285 725 395 803 grande
422 724 536 787 libellus
568 743 652 805 opus.
696 724 754 797 Qui
782 723 898 785 noverit
921 723 989 783 huic
1011 731 1115 802 poetae
1137 723 1174 784 ad
1198 722 1261 783 lor·

118 843 196 886 mam
220 824 384 903 puellarum
407 824 532 885 attinere
554 823 626 903 quid
649 823 688 884 sit
712 823 821 896 visum,
849 840 910 882 nou
921 821 1074 883 dimidiam
1097 823 1149 882 sed
1172 821 1262 901 qain-

117 929 178 984 tam
201 922 263 985 fere
285 932 336 984 aut
358 929 471 984 sextam
494 931 610 1001 partem
640 922 723 1001 parvi
752 921 843 983 libelli
871 921 949 982 diem
976 921 1082 982 tulisse
1111 921 1262 999 intelleget

117 1021 219 1099 quales
238 1025 329 1100 parvi
352 1021 441 1082 libelli
464 1020 699 1099 Vergilianorum
722 1021 880 1099 georgicon
902 1028 974 1081 sunt
996 1019 1043 1095 (cl.
1067 1019 1140 1081 llas.
1163 1020 1260 1080 Rhen.

117 1119 224 1180 XXXII
239 1139 267 1199 p.
287 1118 370 1196 393).
406 1120 480 1180 Cura
496 1127 595 1180 tamen
611 1119 720 1198 grande
737 1138 811 1198 opus
826 1118 898 1192 luit3
921 1137 989 1180 nam
1014 1127 1082 1198 post
1106 1118 1260 1179 exordium

116 1219 296 1279 amatorium
322 1236 386 1279 rem
402 1236 487 1279 suam
511 1237 546 1278 ex
562 1217 777 1279 medicinarum
793 1218 987 1297 scriptoribus
1011 1217 1121 1296 graecis
1144 1217 1261 1278 curiose

116 1316 173 1378 sibi
196 1318 344 1397 prompsit
358 1317 500 1393 (breviter
511 1317 561 1378 sed
574 1313 649 1376 bene
661 1317 717 1378 boc
729 1316 802 1377 dixit
818 1317 956 1379 Leutscb.
972 1317 1074 1377 Ersch.
1091 1324 1120 1377 et
1135 1316 1260 1378 Gruber.

116 1415 233 1494 Eucyol.
249 1416 288 1478 lll
304 1415 322 1477 8
338 1435 367 1496 p.
386 1416 448 1496 78),
471 1416 512 1476 ita
527 1422 569 1487 ut,
591 1414 843 1492 elegantissimum
860 1416 885 1477 si
900 1434 962 1478 nou
978 1434 1064 1477 ouras
1079 1433 1260 1489 sermonem,

115 1515 201 1593 plane
224 1532 383 1592 agnoscere
405 1533 509 1594 posses
532 1522 687 1594 praecepta
709 1514 759 1574 illa
781 1514 966 1575 medicinalia
990 1514 1065 1575 Celsi
1087 1514 1164 1576 Plini
1187 1514 1260 1575 alio·

115 1631 192 1674 rum.
236 1613 307 1674 lude
335 1613 432 1692 ipsum
462 1607 654 1674 ἀλκυόνειον
675 1613 708 1674 in
730 1633 756 1672 v.
781 1613 924 1693 nequod
957 1615 1034 1694 apud
1058 1613 1188 1675 Plinium
1215 1622 1261 1675 est

115 1718 144 1771 et
167 1711 368 1772 dioscoridem
393 1720 422 1772 et
446 1710 599 1772 Galeuum.
644 1711 711 1773 lam·
727 1729 798 1772 vero
821 1712 935 1773 Plinius
957 1712 990 1773 in
1010 1711 1084 1772 libro
1102 1713 1167 1774 Nat.
1183 1711 1259 1774 Hist.

114 1809 193 1870 XXX
210 1829 255 1889 cp.
274 1811 312 1871 tu
329 1809 360 1889 (ξ
376 1809 501 1888 28sqq.)
524 1809 624 1888 ipsum
641 1810 799 1888 fragmenti
814 1810 910 1871 nostri
924 1818 1132 1889 argumentum
1155 1817 1260 1873 tractat

114 1908 150 1969 de
176 1908 335 1970 maculis
357 1908 396 1969 in
418 1909 511 1970 facie
527 1907 577 1982 (cl.
594 1907 647 1968 Ov.
664 1928 688 1969 v.
707 1906 759 1987 78)
776 1910 894 1970 decute
916 1909 948 1970 in
968 1908 1042 1971 faeie
1057 1908 1257 1982 custodienda,

114 2008 150 2069 de
174 2007 252 2069 vitiis
275 2007 422 2080 tollendis,
446 2007 580 2086 quamvis
604 2007 796 2070 medicamina
822 2008 884 2087 ipsa
911 2008 1028 2070 aliunde
1049 2008 1258 2083 transscribat;

114 2108 268 2186 (oesypum
276 2115 377 2167 tamen
388 2125 450 2166 nou
462 2104 823 2184 ignorabatOvidius,Art.
832 2106 911 2166 lll2l
921 2106 954 2181 33
967 2106 1137 2181 Rem354);
1150 2107 1257 2168 deinde

113 2224 159 2284 cp.
178 2207 214 2266 11
232 2204 263 2283 (ξ
280 2203 332 2281 31)
349 2206 386 2266 de
408 2205 565 2284 gravedine
584 2204 730 2266 similibus
753 2224 847 2284 pauca
870 2205 959 2275 addit,
982 2214 1047 2267 turn
1070 2224 1138 2266 vero
1160 2207 1257 2285 pergit

113 2305 143 2383 (b
159 2303 226 2378 33l:
250 2303 367 2384 inpiatis
381 2305 450 2384 salle
465 2307 597 2366 australia
618 2322 683 2364 cura
698 2304 815 2365 elaterio
836 2314 863 2365 et
885 2304 967 2365 melle
990 2307 1117 2365 subsitae
1139 2322 1256 2366 scaccar-

112 2407 199 2473 rr'tar‚
234 2403 347 2464 cerebra
380 2413 515 2473 uncturae,
550 2405 642 2463 cinere
675 2402 840 2463 birraadiuis
873 2422 911 2464 aa
944 2421 1020 2482 aqua
1057 2404 1151 2464 calida
1179 2415 1256 2483 pata.

111 2500 207 2563 Huius
233 2501 387 2563 medicinae
418 2513 519 2564 auctor
547 2510 587 2563 est
614 2501 734 2563 Ovidius
759 2511 850 2580 poeta.
896 2503 995 2581 ltaque
1022 2518 1060 2561 ne
1088 2501 1152 2581 quis
1180 2503 1256 2563 forte

112 2600 182 2661 alibi
197 2599 335 2661 Ovidium
359 2600 448 2661 etiam
464 2618 551 2679 prosa
567 2601 701 2661 oratione
717 2599 772 2660 ista
788 2606 930 2662 tractasse
946 2600 1085 2674 somniet,
1100 2601 1149 2662 hic
1163 2601 1256 2680 ipsius

113 2692 234 2778 elegiaci
257 2699 352 2759 nostri
375 2698 512 2759 carminis
533 2697 634 2777 inique
651 2698 794 2759 decurtati
810 2698 1016 2760 testimouium
1037 2699 1155 2778 aliquod
1177 2699 1256 2778 frag-

111 2814 241 2877 menque
257 2797 439 2876 deprehendi
460 2796 586 2858 firmiter
602 2796 759 2857 contendo.
796 2797 870 2858 Nam
891 2799 996 2878 angina
1012 2799 1134 2873 morbus
1156 2798 1256 2860 lauces

111 2897 302 2973 strangulans
329 2895 375 2956 vel
403 2891 547 2975 συνάγχη
575 2895 607 2955 iu
630 2894 837 2957 Demosthenis
861 2897 917 2957 vita
945 2917 1019 2977 quae
1044 2899 1143 2959 locum
1166 2898 1256 2959 babet

111 2995 179 3055 licet
206 2995 306 3055 oculas
329 2993 468 3056 amatoris
492 2995 590 3055 minus
621 2993 765 3072 offendat,
795 3003 898 3074 poetae
927 3005 1028 3058 tamen
1052 3015 1111 3058 uon
1135 3005 1180 3058 est
1202 3015 1255 3059 cur

110 3110 172 3153 non
199 3111 286 3153 curae
316 3092 415 3154 luerit.
459 3093 540 3154 ldem
563 3093 595 3153 iu
619 3094 688 3154 Arte
711 3093 776 3153 Am.
799 3094 838 3154 lll
862 3103 1018 3175 postquam
1047 3096 1192 3158 nonnulla
1219 3095 1255 3158 ad
1316 3099 1321 3110 “

111 3192 316 3269 augendam
347 3192 475 3253 sormam
503 3191 640 3253 facientia
669 3193 859 3265 memoravit,
892 3193 933 3255 ita
960 3195 998 3255 de
1025 3200 1128 3270 nostro
1155 3194 1254 3256 libello

111 3309 136 3353 v.
153 3288 228 3350 207:

252 3415 329 3476 Hinc
351 3433 469 3495 quoque
491 3415 670 3494 praesidium
693 3415 814 3477 laesae
836 3418 960 3497 petitote
982 3417 1113 3497 puellae3

110 3584 277 3661 (lectionem
299 3585 409 3646 variam
433 3586 525 3648 laesae
548 3588 662 3664 petitote
684 3586 795 3666 fipurae
818 3595 898 3648 recte
921 3586 1086 3668 repudiavit
1107 3587 1252 3668 Riesius):

109 3683 166 3743 hoc
189 3691 248 3743 est:
275 3684 340 3745 talis
363 3684 436 3744 liber
458 3692 504 3745 est
520 3685 607 3745 unde
635 3684 814 3764 praesidium
830 3694 933 3766 petant
956 3687 1044 3749 etiam
1067 3707 1118 3749 eae
1133 3688 1254 3767 puellae,

109 3801 186 3861 quae
208 3781 313 3842 morbo
336 3782 430 3842 laesae
454 3783 498 3844 vel
518 3783 684 3845 valetudine
699 3785 820 3846 allectae
843 3785 912 3847 sint.
949 3787 1052 3867 ltaque
1074 3805 1136 3847 non
1157 3788 1254 3848 solum

109 3878 230 3941 scobem
254 3888 284 3940 et
305 3880 471 3959 vitiligines,
502 3884 554 3943 sed
577 3881 763 3944 incommoda
787 3885 962 3947 valetudinis
984 3888 1069 3965 plura
1099 3886 1250 3947 tractavit:

109 3978 271 4050 medearis,
303 3979 414 4057 puella,
442 3982 607 4059 gravedini:
634 3982 793 4044 basiationi
816 3984 917 4057 obest3
951 3984 1096 4045 medearis
1119 3984 1250 4063 anginis:

108 4074 219 4137 obsunt
240 4077 466 4150 sermocinanti,
498 4087 587 4159 atque
614 4082 686 4143 adeo
715 4084 821 4145 collum
852 4085 1036 4165 cervicesque
1066 4086 1131 4147 lana
1159 4087 1253 4148 multa

109 4175 320 4236 circumvoluta
344 4174 417 4238 eris!
462 4177 598 4239 Ceterum
627 4180 667 4242 ita
690 4181 832 4242 nimirum
859 4200 962 4245 versus
986 4185 1063 4245 Artis
1087 4184 1149 4245 207
1172 4185 1252 4246 aoei-

108 4274 234 4353 piendus
262 4281 321 4348 est,
351 4283 385 4335 ut
414 4276 444 4336 in
472 4293 563 4354 parvo
591 4277 647 4338 boc
669 4278 768 4341 libello
797 4270 896 4360 neque
922 4283 1118 4343 dedentium
1145 4282 1250 4346 inertia

109 4391 207 4452 neque
230 4373 265 4434 de
288 4381 367 4435 creta
399 4373 568 4437 inducenda
591 4393 688 4456 neque
720 4379 756 4439 de
789 4379 938 4460 replendis
972 4379 1135 4460 superciliis
1163 4391 1250 4463 poeta
