2924 5018
615 252 836 320 ..gg-

157 431 300 495 concham
316 429 451 493 minimol
480 430 574 493 immo
590 434 700 495 concha
722 433 786 513 ipsa
800 431 867 495 talis
881 430 980 493 evadit
992 437 1028 493 ut
1042 431 1207 495 custodem
1222 449 1314 495 suum

157 531 328 593 custodiens
351 529 502 592 monuerit
523 549 587 592 sese
610 539 643 593 ut
664 531 811 611 reciperet
833 538 862 593 et
885 528 1015 591 caverctl
1042 529 1135 602 -Quod
1158 530 1238 611 quala
1259 530 1314 595 ab·

155 629 281 693 surdum
314 637 375 703 cst,
408 628 543 691 credatur
576 629 695 707 quidem
724 630 825 693 Cicero
852 627 1040 691 festinantius
1067 646 1118 691 ros
1146 647 1314 709 excerpere

154 727 261 792 solitus
288 747 370 801 esse,
399 729 473 789 hacc
499 733 600 789 autem
630 729 761 806 peccavit
789 726 934 789 librarius.
979 726 1092 806 Nempe
1115 744 1183 789 non
1208 727 1313 789 minus

154 826 314 891 ridiculum
342 826 413 888 illud
441 834 524 887 aaut:
553 826 708 905 proprium
736 825 813 887 sicut
835 824 922 903 pinae
943 831 990 885 est
1011 832 1046 887 ut
1074 823 1107 885 in
1130 825 1252 887 concha
1271 824 1312 887 sit

156 944 290 1005 semper,
319 943 393 988 num
422 923 495 984 item
517 924 635 985 custodi
658 932 692 987 ut
713 921 805 987 cnet‘l
833 939 896 985 non
918 922 1010 1000 magis
1033 921 1135 983 hercle
1156 940 1257 1002 quam
1276 928 1313 985 nt

155 1025 274 1087 innatet
295 1025 325 1084 in
348 1023 500 1084 concham.
543 1021 709 1084 Dicendum
737 1023 843 1084 saltem
871 1020 942 1083 fuit:
977 1019 1030 1100 qui
1051 1026 1137 1083 extra
1158 1022 1312 1087 concham

156 1129 247 1184 natet.
284 1121 417 1199 Denique
440 1120 604 1198 corruptela
627 1120 763 1200 proditur
777 1138 848 1181 vcce
869 1121 967 1196 recipit
987 1134 1077 1197 quam
1099 1117 1225 1191 tolerari
1248 1136 1312 1185 uon

156 1239 244 1301 posse
271 1219 351 1281 docti
380 1225 551 1279 senserunt.
601 1217 736 1281 Ciceroni
767 1225 799 1279 et
829 1214 904 1278 ratio
927 1223 957 1277 et
978 1233 1026 1277 res
1047 1222 1079 1276 et
1098 1234 1204 1279 sermo
1237 1217 1312 1281 baec

156 1320 315 1396 adrogant:
349 1327 378 1378 ct
399 1316 454 1377 illc
476 1334 548 1396 pace
567 1320 599 1376 ic
621 1317 726 1378 comba
744 1315 849 1395 patulo
874 1313 945 1375 vivit
972 1318 1062 1393 (quae
1087 1317 1163 1394 piac
1186 1314 1311 1397 dieitur)

156 1421 233 1498 apua
255 1419 305 1496 paci
325 1423 431 1477 enatus
453 1433 468 1475 c
489 1413 595 1476 concta
616 1413 680 1494 (qai
700 1415 773 1494 qued
795 1432 857 1475 cam
880 1412 1311 1491 melodificantes-occatum

157 1519 189 1577 ic
209 1515 382 1594 coactamque
411 1530 475 1575 cum
497 1530 526 1575 sc
553 1513 613 1573 lert
634 1512 723 1591 piscis
750 1511 923 1584 obcluditur,
954 1519 988 1571 act
1009 1511 1312 1581 emmae-amma

156 1624 190 1676 act
210 1611 371 1691 clauderet)
393 1615 512 1690 itemque
533 1611 674 1691 formicae
697 1629 760 1690 eqs.
796 1611 880 1682 Quae
899 1609 994 1671 laxius
1016 1627 1089 1671 sane
1104 1608 1221 1671 Cicero-
1234 1628 1311 1673 con·

157 1711 267 1774 struxit
287 1710 346 1772 nisi
366 1710 444 1773 forte
466 1709 502 1771 ad
524 1709 659 1772 cidactacr
679 1711 823 1771 memisse
846 1707 935 1768 etiam
951 1707 1061 1769 addere
1081 1705 1131 1769 tito
1152 1709 1311 1773 velcantes

157 1811 315 1890 praeterea.
359 1808 500 1869 Ceterum
526 1824 588 1868 non
620 1807 794 1869 anacolutlra
823 1812 970 1869 structura
998 1805 1118 1867 sed-sic
1141 1806 1310 1886 explenda:

158 1910 194 1971 tt
222 1925 283 1971 non
310 1906 404 1968 sclam
431 1905 487 1967 sibi
511 1909 574 1966 acti
597 1915 664 1967 tunt
681 1909 776 1984 piac.
793 1951 801 1966 .
818 1949 825 1965 .
842 1949 849 1964 .
864 1908 943 1984 abque
965 1907 1015 1984 pei
1033 1921 1096 1984 eqs.
1141 1902 1314 1979 Λάμπωνι·

158 2027 173 2068 a
194 2005 301 2068 conabo
322 2005 358 2065 cf.
374 2004 480 2066 Athen.
503 2021 533 2082 p.
549 2001 590 2065 89
603 2003 642 2078 Ftt
673 2002 822 2065 Aristotel.
843 2023 874 2082 p.
895 2001 957 2062 547
977 2002 1000 2061 B
1026 1999 1122 2081 aesq.
1166 2000 1237 2081 lpse
1258 2021 1311 2071 res

160 2111 261 2166 autem
284 2120 343 2182 qua
364 2103 411 2164 via
439 2101 470 2163 in
492 2101 573 2163 hunc
596 2102 632 2163 de
653 2101 762 2165 finibus
789 2101 898 2163 librum
926 2100 1077 2161 devenerit
1097 2117 1161 2161 nou
1182 2102 1311 2181 quaeri-

160 2221 227 2265 mus
254 2200 414 2281 nescioquo
431 2217 504 2263 num
526 2200 696 2280 sequendus
719 2200 755 2261 de
777 2200 840 2263 eius
863 2208 985 2261 auctore
1006 2197 1170 2276 Madvigius
1182 2199 1224 2261 eit
1236 2198 1309 2263 ibid.

244 2401 473 2465 accuratissime
494 2410 595 2463 autem
616 2400 710 2481 ipsius
733 2400 886 2480 Chrysippi
909 2418 985 2481 quae
1006 2396 1196 2461 exhibuimus
1219 2418 1238 2461 v

161 2499 292 2562 Cicero
316 2501 482 2582 adsumpsit
505 2519 573 2561 curn
596 2500 637 2561 de
660 2509 790 2561 natura
813 2500 961 2559 deorum
983 2498 1124 2559 librum
1147 2497 1312 2563 alterum

160 2606 360 2679 componeret
417 2599 506 2661 Cuius
538 2598 584 2661 rei
617 2597 859 2677 contemplationi
895 2595 997 2677 paucis
1032 2614 1135 2659 vacare
1170 2595 1310 2661 interest

159 2697 293 2759 Primum
326 2698 363 2758 ad
398 2697 624 2759 adornationem
652 2696 892 2759 narratiunculae
929 2695 1023 2774 qualis
1059 2694 1101 2757 ibi
1134 2693 1310 2765 Stoicorum

159 2796 333 2876 pandendae
354 2796 507 2858 doctrinae
527 2795 668 2858 inseritur
689 2794 823 2857 animum
846 2794 989 2872 advertas,
1013 2793 1124 2869 §1232
1220 2838 1223 2843 .
1261 2838 1264 2845 .

259 2933 334 2995 Pina
360 2948 427 2994 cero
449 2966 493 2977 -
519 2938 558 2994 sic
585 2937 661 2994 enim
687 2950 787 3013 praece
813 2932 916 2995 dicitur
939 2966 980 2977 —
1008 2932 1119 2994 ductus
1146 2928 1311 3015 ¹accreditus

256 3028 361 3111 potate
383 3028 494 3091 coactis
522 3048 587 3091 cum
611 3047 709 3109 paroc
738 3030 844 3110 aquilla
872 3028 1045 3111 (καρκίνος
1066 3025 1202 3111 μικρός)
1225 3018 1314 3113 ptumi

259 3131 417 3190 accictctem
439 3132 493 3190 coit
518 3125 672 3210 (συνεργὰ
693 3124 766 3190 κατ’
785 3124 887 3204 idtcv)
909 3130 1099 3209 comparandi
1118 3130 1188 3204 cibi3
1210 3126 1311 3211 itaque

258 3244 324 3289 cam
341 3226 475 3308 pisciculi
489 3230 579 3306 parci
592 3223 759 3307 (ἰχθύδια)
774 3233 806 3289 in
824 3227 960 3291 coactam
974 3228 1099 3289 lu'cctcm
1115 3222 1168 3308 (cd
1183 3224 1310 3310 ὄστρᾱὲζ

259 3346 318 3388 κον
339 3320 580 3407 διαστήσασαν)
603 3330 810 3389 innatavcratttt
831 3319 925 3407 (ὅταν
941 3323 1074 3407 εῑςέλθῃ
1096 3326 1143 3405 τι)
1165 3324 1228 3388 'tum
1251 3328 1308 3391 otl-

258 3428 367 3488 mcaitu
389 3425 439 3501 (cf.
462 3425 646 3507 σημαίνων)
670 3424 812 3503 aequitio
834 3424 925 3504 [pt'rcc]
948 3440 1048 3485 mersu
1063 3418 1202 3500 (deinces)
1226 3442 1309 3489 com-

256 3526 356 3602 primit
377 3523 499 3585 conches
513 3519 692 3605 (συμμύει).
731 3520 778 3584 Sic
794 3521 862 3597 (ael
879 3516 994 3601 οὕτως)
1009 3518 1204 3584 dissimillimo
1224 3522 1309 3595 (vide

259 3631 480 3700 exaggerantem
488 3618 509 3695 l)
538 3622 660 3683 bestiolis
689 3622 876 3682 communiter
904 3620 982 3681 cidus
1015 3622 1164 3700 quaeritur
1198 3623 1309 3694 (κατε-

261 3718 400 3779 σθίουσι
423 3717 537 3805 κοινῇ).

244 3866 338 3945 lgitur
369 3865 429 3927 iam
458 3867 632 3931 evolvantur
661 3868 768 3948 quibus
795 3877 896 3933 orator
918 3870 1037 3933 Stoicus
1067 3869 1175 3934 latinus
1201 3870 1308 3951 pinam

159 3965 313 4046 tnrydppi
334 3964 486 4027 induxerit
500 3973 551 4028 aut
572 3967 810 4029 circumdederit
853 3969 947 4030 Orsus
969 3987 985 4029 a
1007 3968 1182 4049 quaestione
1203 3970 1310 4033 estin

159 4068 177 4139 t
193 4065 234 4127 73
249 4082 321 4126 num
346 4065 507 4127 munduca
525 4065 582 4127 diis
598 4065 824 4129 administretur
839 4067 965 4148 ideoque
980 4067 1052 4129 inde
1067 4066 1103 4129 ab
1119 4067 1158 4129 81
1175 4067 1308 4133 mamma

159 4164 195 4225 ad
217 4163 477 4226 admirabilitatem
499 4181 599 4225 rerum
621 4164 807 4244 probandam
828 4185 861 4227 se
884 4165 1027 4245 accingit:
1058 4184 1146 4227 unam
1167 4167 1307 4246 partibus

159 4262 299 4323 omnibus
322 4270 458 4325 naturam
482 4280 671 4325 communem
694 4283 769 4338 esse,
791 4264 817 4326 si
839 4264 930 4344 igitur
953 4265 1024 4345 quid
1046 4273 1166 4344 regatur
1186 4272 1305 4343 maura,

159 4366 260 4423 tamen
287 4369 338 4422 aut
366 4360 440 4423 nihil
468 4361 581 4422 hocin
611 4363 724 4425 mundo
751 4382 817 4425 esse
846 4372 897 4427 aut
923 4364 1070 4427 mundum
1098 4371 1194 4427 totum
1215 4363 1306 4445 (85);
