2924 5018
615 280 838 345 ..79-

243 455 403 538 Sequentia
424 458 461 519 dc
476 475 627 520 scarorum
643 457 782 520 societate
797 477 872 538 quae
889 466 980 535 agunt
995 458 1030 520 ab
1047 466 1174 538 utroque
1194 457 1298 519 eodem

159 557 249 620 modo
273 557 492 635 adiunguntur3
515 563 604 636 atque
625 555 665 618 ita
689 555 840 635 Oppianus
855 557 890 619 lv
907 558 963 618 56:

257 649 295 716 οἱ
321 651 363 716 δέ
389 674 456 735 μιν
481 648 732 735 είςορόιοντες
758 648 910 736 ἀμήχανα
936 650 1147 717 δινεύοντα

257 749 395 815 ἔκτοθεν
417 747 596 815 ἀντιόωσιν
624 743 780 834 ἀρηγόνες
810 747 882 814 οὐδ’
912 749 1067 816 ἐλίποντο

256 847 496 932 τειρόμενον·
523 852 579 911 καί
601 845 669 912 ποό
694 871 753 923 τις
780 847 844 932 ἑὴν
870 846 985 933 ὤρεξε
1011 849 1158 929 διασχών

257 943 374 1032 οὐρὴν
399 943 476 1031 ἧῦτε
500 947 594 1030 χεῖρα
618 946 736 1029 λαβεῖν
761 945 920 1012 ἔντοσθεν
948 945 1104 1032 ἑταίρῳ·

256 1041 360 1129 αὐτὰρ
390 1041 408 1108 ὃ
437 1044 511 1118 δυἰξ
538 1043 600 1128 μὲν
629 1043 765 1130 ἔρεισεν,
796 1043 815 1109 ό
844 1043 877 1110 δ’
900 1045 1077 1113 ἔσπασεν
1106 1045 1200 1122 ἀϊδος
1229 1045 1299 1119 ἔξω

258 1139 358 1226 οῦρην
382 1139 556 1227 ἦγήτειραν
581 1139 649 1208 alred
677 1143 784 1227 στόμα
809 1143 933 1228 δεσμόν
954 1145 1085 1227 ἔχοντα·

258 1235 403 1306 πολλάκι
432 1240 470 1304 δὲ
499 1238 774 1325 προβαλόντος
804 1240 870 1326 ἑὴν
899 1242 1090 1308 ἔντοσθεν
1118 1241 1280 1317 ἁλόντος
1328 1287 1342 1299 x

232 1335 375 1423 ,οῦρην
405 1337 522 1414 ἄλλος
551 1337 711 1425 ἔμαρψε
739 1340 805 1403 καὶ
834 1336 1039 1425 ἐξείρυσσε
1068 1338 1216 1425 θῦραζε

256 1435 454 1521 ἑσπόμενον·
481 1438 625 1514 τοιοῖςδε
650 1436 794 1522 νοήμασι
816 1438 946 1524 πότμον
968 1438 1100 1518 ἄλυξαν.

156 1539 268 1601 Eadem
291 1538 467 1601 Plutarchus
490 1539 530 1600 ita
553 1559 582 1618 p.
599 1539 660 1600 977
673 1540 710 1600 G:

258 1629 372 1701 οῦτοι
395 1636 433 1701 δδ
447 1638 504 1700 καὶ
518 1646 605 1710 τοῖς
622 1636 678 1709 εἰς
698 1632 837 1720 κόρτον
856 1634 1081 1719 ἐμπεσοῦσι
1100 1634 1167 1709 τὰς
1183 1631 1301 1719 οῦράς

257 1733 509 1820 παραδόντες
535 1734 694 1808 ἔξωθεν
719 1733 878 1798 ἕλκουσι
898 1733 1120 1808 δάκνοντας
1139 1730 1301 1816 προθῦ-

257 1857 354 1917 μους
373 1834 429 1899 καὶ
450 1831 748 1912 συνεξάγουσιν,
769 1867 812 1879 -
832 1835 892 1897 nisi
912 1835 1101 1916 quodetiam
1121 1853 1213 1914 pauca
1228 1835 1300 1896 baec

256 1934 432 1996 Plutarchus
462 1934 630 2015 praemisit:
664 1927 766 1995 Ἅλλα
800 1930 837 1995 δὲ
871 1929 1100 1997 ἐπιδείκνυται
1130 1929 1213 2014 μετὰ
1242 1932 1301 1994 τοῦ

258 2033 394 2095 συνετοῦ
419 2031 457 2096 τὸ
481 2029 675 2098 κοινωνικόν
695 2029 751 2093 καὶ
770 2029 807 2093 τδ
830 2023 1037 2114 φιλάλληλον
1052 2025 1160 2112 ὥςπερ
1179 2025 1300 2093 ἀνθίαι

256 2128 312 2191 καὶ
328 2125 455 2212 σκάροι.
500 2127 646 2214 σκάρου
672 2126 812 2212 μὲνγὰρ
839 2123 1054 2212 ἀγκιστρον
1079 2126 1301 2192 καταπιόν-

256 2248 320 2299 τος
340 2222 378 2288 oi
398 2224 590 2310 παρόντες
610 2226 750 2309 σκάροι
771 2225 1087 2310 προςαλλόμενοι
1107 2227 1166 2311 την
1181 2222 1301 2306 ὁρμιάν

255 2323 580 2408 ἀποτρώγουσιν;
605 2346 681 2407 quae
697 2327 786 2389 etiam
802 2327 881 2407 apud
896 2326 1064 2406 Oppianum
1076 2336 1147 2388 sunt
1158 2327 1195 2387 lll
1207 2345 1234 2387 v.
1247 2325 1297 2399 43,

258 2432 292 2486 ut
313 2425 449 2497 diximus,
477 2426 528 2486 ubi
552 2422 697 2487 πολλάκι
724 2422 946 2507 πληγέντος
968 2421 1034 2486 vrr'
1057 2418 1300 2506 ἀγκίστροιο

257 2519 373 2595 ἀλλος
399 2520 566 2596 ἐπαΐξας
592 2520 765 2606 πρόμαχος
792 2520 937 2605 σκάρος
967 2519 1130 2587 ὀδοῦσιν
1159 2518 1301 2604 δρμιην

257 2616 461 2702 ἀπέκερσε.

243 2718 382 2780 Ovidiaua
408 2725 507 2780 autem
534 2727 595 2781 tam
622 2738 711 2799 prave
738 2727 876 2800 corrupta
903 2719 988 2782 verba
1014 2721 1046 2783 in
1066 2742 1091 2783 v.
1112 2711 1302 2802 15sqq.,'ut

157 2818 310 2880 emendata
326 2817 494 2880 describere
509 2819 645 2880 nondum
660 2819 759 2880 liceat:

257 2916 447 2990 Quinetiam
470 2917 494 2978 si
516 2917 594 2978 forte
616 2916 721 2996 aliquis
744 2918 867 2997 dampro
891 2923 1005 2979 nataret

256 3013 333 3075 lllitis
354 3015 518 3076 luctantem
542 3033 641 3077 scarus
664 3015 744 3077 bunc
765 3016 797 3077 in
819 3015 927 3077 uimine
949 3017 1030 3090 vidit,

255 3112 358 3174 Aversi
381 3113 505 3174 caudam
529 3130 631 3175 morsu
654 3114 736 3175 tenet
758 3122 846 3193 atque
869 3115 919 3175 lita

258 3209 335 3271 Uber
357 3219 473 3272 seruato
497 3230 587 3291 quem
610 3210 764 3290 texitque
785 3211 918 3273 resultet.

156 3306 269 3369 Tamen
294 3308 352 3369 hoc
367 3308 485 3389 quidem
512 3309 612 3370 statim
639 3309 743 3383 elucet,
769 3309 844 3372 scari
865 3326 932 3370 cum
948 3308 1082 3389 Oppiano
1103 3317 1221 3370 auctore
1242 3311 1300 3371 du-

156 3406 225 3486 plici
244 3407 288 3468 via
308 3407 418 3468 vimine
438 3426 556 3471 scarum
575 3407 711 3481 liberent,
732 3426 835 3470 earum
854 3407 975 3468 alteram
997 3406 1117 3486 quidem
1140 3407 1301 3470 clarissime

155 3504 250 3584 repeti
274 3525 289 3568 a
309 3505 483 3579 Plutarcho,
509 3507 630 3570 alteram
655 3512 685 3567 et
709 3506 826 3587 quidem
847 3505 1044 3586 posteriorem
1065 3504 1147 3583 (inde
1171 3524 1228 3568 av.
1247 3505 1300 3586 62)
1374 3533 1375 3537 ¹

155 3621 171 3664 a
185 3603 260 3665 falso
277 3600 390 3666 Ouidio.

242 3701 385 3782 Superest
415 3710 449 3764 ut
477 3701 632 3764 lectionem
664 3720 811 3764 curemus.
855 3702 892 3763 Et
922 3701 1041 3783 quidem
1067 3701 1155 3764 verba
1182 3705 1209 3763 si
1232 3705 1302 3766 cidit

155 3799 266 3880 optime
281 3802 463 3881 respondere
480 3801 614 3882 Oppiano
635 3808 757 3881 apparet
771 3802 825 3881 qui
837 3801 926 3864 habet
947 3797 980 3862 ol
1003 3798 1041 3862 δέ
1055 3821 1114 3883 μιν
1129 3798 1300 3882 εἷςορόων-

154 3921 216 3972 τες.
246 3899 320 3962 ltem
341 3901 440 3962 mitis
456 3920 557 3963 scarus
582 3918 644 3962 non
665 3906 770 3979 sponte
786 3899 903 3971 dicitur,
925 3900 976 3960 sed
998 3899 1064 3979 quia
1085 3908 1187 3960 auctor
1201 3898 1248 3959 ille
1265 3917 1301 3959 ex

155 4017 215 4078 quo
230 3999 287 4060 ista
302 3999 413 4060 [luxere
425 3999 526 4061 mitem
538 4017 654 4060 scarum
667 4017 731 4060 esse
747 4006 775 4058 ct
791 3993 994 4079 φιλάλληλον
1005 3996 1055 4075 (cf.
1070 3995 1196 4076 Oppiani
1207 4015 1232 4056 u.
1246 3995 1300 4070 40)

154 4098 210 4158 hac
237 4097 407 4158 narratione
436 4098 618 4177 probaverat.
675 4096 735 4159 lam
765 4115 835 4158 vero
864 4095 896 4157 in
928 4113 952 4155 v.
975 4096 1013 4156 15
1044 4112 1167 4173 regnare
1196 4093 1299 4155 Heinsi

154 4196 273 4274 aliquod
288 4202 470 4276 temptamen
483 4195 561 4258 solet
576 4197 661 4276 quod
671 4195 741 4256 fuit:

357 4294 381 4355 si
405 4295 481 4355 forte
502 4292 607 4373 aliquis
631 4294 702 4354 dum
724 4298 877 4370 praenatat
899 4300 979 4354 arcto

256 4391 332 4455 Mitis
354 4393 516 4460 luctantem
536 4409 638 4456 scarus
660 4392 741 4453 bunc
763 4390 793 4452 in
815 4390 926 4453 vimine
947 4389 1035 4465 vidit;
