2924 5018
616 293 838 358 ..77-

257 471 318 534 Nec
338 455 474 552 proprias
495 471 573 533 vires
596 472 691 534 nescit
713 490 837 535 murena
860 471 986 533 nocendi

256 570 424 650 auxiliique
446 570 493 633 sui
516 587 619 633 morsu
640 589 697 632 nec
718 570 854 633 cominus
877 570 936 632 acri

256 669 359 732 Deficit
382 676 434 729 ant
454 669 569 730 animos
591 670 676 749 ponit
699 670 812 750 captiva
835 668 967 731 minacis.

155 780 285 842 Haecine
310 774 433 843 omnia?
462 781 575 861 captiva
603 790 664 854 est3
691 781 749 843 iam
770 781 821 842 ubi
842 776 1008 842 auxilium?
1038 779 1115 862 Num
1139 779 1299 841 verborum

155 879 214 940 hoc
234 888 352 941 tumore
372 879 435 940 fieri
455 879 552 959 potuit
571 887 605 940 ut
630 899 693 941 rem
720 880 847 959 scriptor
866 896 969 940 revera
990 874 1235 939 oblivisceretur?
1264 879 1301 938 nt

156 978 238 1039 enim
259 976 373 1040 Plinius
398 994 503 1039 recens
526 986 592 1040 tunt
618 997 738 1040 carmen
764 977 924 1058 inspiciens
957 977 994 1038 de
1031 994 1172 1038 muraena
1199 995 1301 1037 excer-

156 1076 288 1156 pendum
302 1077 360 1138 hoc
382 1095 449 1138 esse
462 1076 550 1138 vidit:
572 1094 728 1138 muraenae
755 1075 878 1156 amplius
901 1075 1038 1136 devorant
1059 1091 1146 1154 poem
1167 1074 1299 1147 boccum

156 1177 307 1238 admoveat
330 1175 459 1238 demiror
484 1174 574 1238 labeas
591 1185 674 1257 otpoe
695 1180 739 1237 ito
754 1175 886 1237 erodunt.
920 1173 1022 1253 ltaque
1047 1173 1173 1234 abolitus
1196 1191 1300 1234 versus

157 1275 261 1336 saltem
290 1291 386 1347 unus,
422 1292 518 1355 neque
547 1274 614 1355 plus
645 1291 721 1349 uno,
757 1292 825 1336 cum
855 1277 930 1338 duos
959 1276 1007 1337 illa
1037 1274 1098 1336 rix'
1120 1277 1300 1355 compleant3

156 1373 292 1434 liberiore
308 1381 407 1434 autem
435 1380 543 1434 ornatu
566 1389 615 1434 res
631 1373 717 1434 etiam
738 1373 808 1434 alias
826 1373 943 1436 Plinius
957 1374 1056 1447 refert,
1079 1374 1159 1436 velut
1174 1392 1249 1454 qnae
1265 1374 1300 1434 de

156 1472 263 1551 polypo
278 1479 357 1534 sunt.
387 1470 480 1552 igitur
496 1471 538 1532 sic
553 1478 624 1551 puta
640 1471 684 1533 vel
701 1471 837 1534 similiter
853 1473 1021 1553 legebatur:

257 1583 392 1664 Amplius
419 1601 453 1645 os
475 1583 563 1644 hamo
586 1590 670 1645 vorat
692 1582 847 1665 eroditqne
868 1583 909 1647 ita
931 1584 1037 1656 linum,

158 1714 251 1776 eaque
268 1695 439 1757 exciderunt
453 1703 576 1775 propter
591 1693 814 1758 similitudinem
830 1715 935 1758 vocum
950 1694 1156 1776 principalium
1173 1693 1303 1776 Amplius

157 1803 187 1856 et
209 1785 334 1856 lauro·
355 1813 412 1874 qua
435 1794 552 1855 ratione
579 1800 608 1854 et
631 1793 679 1854 alii
702 1795 788 1856 multi
812 1812 930 1857 errores
957 1795 1140 1874 explicantur
1164 1800 1194 1855 et
1221 1795 1301 1873 qnod

156 1893 188 1954 in
204 1891 287 1954 libris
303 1892 425 1955 Homeri
440 1892 536 1955 Latini
550 1891 726 1971 quibusdam
741 1911 842 1955 versus
854 1893 895 1954 92
911 1901 980 1955 ante
996 1914 1022 1954 r.
1036 1890 1076 1954 93
1092 1893 1123 1954 in
1138 1893 1302 1972 marginem

160 1989 232 2052 abiit
247 2009 314 2052 cum
330 1991 404 2053 alter
420 2011 435 2053 a
451 1991 584 2072 Turpiter
599 1992 671 2054 alter
685 2010 700 2053 a
716 1992 843 2074 luppiter
857 1991 1009 2073 inciperet.

243 2089 364 2168 Legitur
386 2099 485 2153 autern
507 2092 542 2152 de
565 2089 664 2153 anthia
687 2109 713 2151 v.
730 2090 770 2152 46
787 2110 867 2171 sqq.:

259 2202 412 2264 Anthias
434 2202 480 2264 his
502 2209 607 2282 tergo
631 2221 706 2282 quae
728 2221 789 2264 non
813 2203 894 2265 videt
916 2201 1009 2264 utitur
1031 2203 1146 2264 armis

258 2299 323 2360 Vim
346 2301 478 2380 spinae
501 2300 643 2380 novitque
665 2319 738 2362 suae
759 2319 905 2381 versoque
928 2301 1087 2380 supinus

258 2397 388 2479 Corpore
410 2398 486 2460 lina
508 2407 611 2460 secat
632 2398 784 2479 fixumque
805 2398 956 2480 intercipit
977 2400 1111 2461 hamum.

159 2527 272 2590 Similia
287 2537 368 2591 certe
382 2528 558 2591 Plutarchus
578 2528 691 2606 legerat
705 2527 767 2589 977
780 2529 819 2591 C:
848 2525 881 2591 oi
907 2524 945 2590 δὲ
971 2526 1124 2592 ἀνθίαι
1149 2528 1195 2612 τῷ
1219 2543 1302 2608 συμ-

159 2622 255 2708 φύλῳ
270 2625 459 2708 βοηθοῦσιν
475 2621 690 2709 ἰταμώτερον·
713 2624 782 2709 τὴν
797 2625 870 2708 γὰρ
893 2618 1037 2709 ὁρμιὰν
1056 2622 1302 2707 ἀναθέμενοι

159 2721 256 2786 κατὰ
281 2720 394 2806 ῥάχιν
420 2722 477 2785 καὶ
503 2719 715 2806 στήσαντες
735 2719 859 2808 ὀρθὴν
878 2724 945 2808 τὴν
971 2721 1153 2789 ἄκανθαν
1173 2723 1302 2803 ἐπιχει-

160 2821 255 2904 ροῦσι
276 2820 488 2905 διαπρίειν
508 2820 547 2908 τῇ
565 2813 742 2905 τραχύτητι
766 2821 832 2884 καὶ
855 2820 1104 2886 διακόπτειν.

244 2921 349 3001 ltaque
370 2920 527 2982 artificium
551 2920 632 2982 idem
658 2921 735 3001 apud
756 2919 957 2996 Plutarchum,
984 2921 1042 2984 nisi
1057 2923 1135 3002 quod
1160 2941 1221 2984 non
1247 2921 1304 2984 sibi

158 3019 226 3099 ipsi,
248 3020 299 3081 sed
324 3020 411 3082 fratri
435 3039 523 3100 opem
548 3020 607 3080 lert
631 3018 745 3081 anthias
771 3037 868 3101 neque
890 3021 958 3083 ideo
979 3027 1014 3082 ut
1034 3020 1094 3083 lina
1115 3027 1196 3083 secet
1217 3039 1303 3082 verso

159 3136 284 3198 corpore
306 3119 432 3199 supinus
453 3126 556 3180 natare
579 3117 635 3179 dici
657 3124 766 3197 potest.

246 3215 305 3278 Sed
327 3224 464 3280 accurate
488 3216 567 3278 idem
589 3224 678 3296 atque
704 3215 823 3278 Ovidius
848 3216 1002 3297 Oppianus
1027 3216 1139 3296 recepit
1164 3216 1215 3296 qui
1242 3234 1303 3276 non

159 3311 239 3375 inter
260 3313 417 3390 sollertiae,
441 3315 494 3377 sed
515 3314 547 3377 in
566 3322 688 3394 captura
710 3314 836 3394 piscium
856 3314 893 3375 de
913 3314 1012 3376 anthia
1033 3314 1137 3375 eadem
1159 3313 1303 3375 brevitate

159 3429 219 3490 qua
241 3411 365 3476 Ovidius
386 3415 461 3477 haec
481 3413 585 3476 inserit
600 3411 640 3475 lll
654 3432 680 3474 v.
697 3411 758 3474 333
771 3433 832 3494 sq.:

260 3522 412 3587 Πολλακι
434 3515 467 3587 δ’
492 3519 684 3606 ὀξύπρονρον
705 3520 789 3606 ὑπὲρ
812 3520 909 3606 ῥάχιν
932 3519 1051 3604 ἔτμαχε
1073 3519 1187 3607 δάψας

261 3613 394 3706 δρμιήν,
417 3619 486 3686 ἀπὸ
509 3620 542 3685 δ’
566 3618 623 3708 ἦξε
641 3621 751 3686 λιπών
773 3619 867 3685 κενὸν
889 3617 1082 3705 ἀχρεντῆρα.

159 3731 263 3814 ltaque
278 3734 369 3814 piscis
384 3734 496 3797 lineam
512 3753 602 3816 quam
617 3735 681 3816 ipse
697 3736 866 3797 admorsam
882 3742 965 3797 tenet
982 3731 1127 3819 (θάψας)
1148 3736 1306 3816 imponens

160 3833 193 3894 in
207 3839 291 3895 acuta
312 3851 365 3895 sua
387 3833 471 3914 spina
492 3835 637 3897 dissecat„
656 3836 757 3915 lpsum
779 3830 893 3917 δάψας
914 3834 986 3895 illud
1008 3833 1130 3896 Ovidius
1156 3836 1245 3896 falsus
1267 3835 1306 3896 ita

160 3931 306 4010 expressit
328 3940 362 3994 ut
383 3933 477 4014 fimum
496 3935 618 3996 hamum
634 3952 699 3997 esse
712 3934 833 3995 diceret.
863 3933 895 3994 ld
911 3950 981 3993 vero
996 3951 1054 4014 qno
1071 3933 1220 4013 discrepat
1235 3933 1306 3992 Plu·

160 4029 279 4091 tarchus
303 4048 362 4111 quo
383 4037 470 4111 pacto
486 4030 665 4112 explicabis?
692 4032 772 4095 llnae
793 4030 928 4093 videlicet
948 4031 984 4092 do
1005 4031 1106 4092 anthia
1125 4031 1156 4092 in
1171 4031 1306 4110 exemplo

161 4128 314 4189 communi
343 4127 464 4192 fabellae
494 4130 683 4204 exstiterant,
713 4148 839 4212 quarum
868 4131 900 4192 in
929 4131 1019 4192 altera
1049 4129 1189 4192 calliditas
1216 4129 1306 4209 piscis

165 4226 317 4306 quomodo
332 4225 392 4307 ipsi
407 4228 571 4307 prodesset,
586 4229 619 4290 in
641 4229 731 4291 altera
754 4229 904 4310 quomodo
919 4227 1052 4309 piscibus
1068 4228 1155 4290 sociis
1173 4245 1306 4307 expone-

160 4321 257 4384 batur.
299 4325 386 4397 Quod
408 4344 585 4406 persuasum
606 4326 728 4390 habebis
755 4328 858 4398 ultimo
880 4329 946 4390 loco
973 4327 1010 4389 iis
1033 4327 1206 4390 examinatis
1230 4346 1307 4408 quae

162 4423 199 4484 de
214 4442 297 4486 scaro
312 4426 392 4506 pisce
415 4427 523 4510 scripta
538 4428 714 4510 produntur.
745 4429 862 4492 Adnoto
885 4437 985 4492 autem
1002 4427 1131 4490 Plinium
1155 4427 1193 4491 de
1207 4427 1308 4492 anthia
