2924 5018
483 810 627 915 Omdr
664 810 957 915 Halieuirca.

251 1087 403 1168 Praecepit
425 1089 556 1151 mundns
578 1089 683 1168 legem,
705 1086 789 1150 dedit
811 1103 892 1149 arma
914 1104 967 1166 per
989 1105 1096 1150 omnes

251 1185 472 1266 Admonuitque
494 1186 551 1249 sui.
594 1186 708 1250 Vitnlue
730 1187 774 1249 sic
794 1203 926 1268 namque
947 1185 1090 1260 minatur,

252 1285 309 1359 Qui
332 1286 466 1349 nondum
487 1285 564 1366 gerit
585 1287 618 1348 in
641 1294 745 1349 tenera
766 1285 824 1347 iam
848 1301 960 1348 cornua
983 1285 1092 1357 fronte.

252 1383 302 1446 Sic
324 1384 460 1447 dammae
482 1384 611 1465 lugiunt,
633 1393 768 1466 pugnant
788 1385 898 1447 virtute
919 1384 1021 1447 leones

212 1490 227 1539 5
254 1483 290 1544 Et
313 1500 416 1545 mersu
439 1483 520 1547 canis
543 1494 573 1547 et
595 1487 704 1548 caudae
726 1484 770 1547 sie
790 1483 926 1564 scorpius
947 1482 1007 1545 ictu

253 1582 471 1663 Concussisque
492 1582 564 1646 levis
586 1584 686 1664 pinnis
708 1584 750 1647 sic
772 1583 869 1645 evolat
891 1582 959 1645 ales.

203 1753 206 1761 Δ
252 1680 398 1744 Omnibus
420 1682 537 1762 ignotae
558 1683 664 1746 mortis
686 1682 793 1759 timor,¹
808 1680 948 1745 omnibus
968 1682 1084 1746 hostem

252 1779 478 1863 Perniciemque
500 1781 601 1845 datum
625 1783 736 1847 sentire
759 1790 790 1845 et
811 1788 935 1844 noscere
957 1780 1008 1843 teli

252 1879 376 1961 Vimque
398 1880 580 1962 medumque
601 1882 657 1944 sui.
702 1881 753 1944 Sic
774 1889 925 1944 electros
947 1888 1010 1943 arte
1031 1881 1088 1943 snb
1110 1882 1197 1945 undis

198 1989 228 2039 10
252 1979 283 2041 Si
305 1997 384 2039 nossa
402 1995 491 2055 eaptus
509 1989 611 2058 cleope,
628 1992 743 2059 piscator
760 2001 789 2045 et
804 1992 868 2060 ipse,

252 2079 368 2141 Decidit
388 2080 588 2163 adsutamqne
606 2082 674 2144 dolo
697 2082 819 2145 undem
841 2090 929 2163 pavet
950 2097 1058 2153 escam,
1082 2102 1085 2109 ·

253 2179 319 2240 Nen
342 2179 431 2241 audet
453 2178 541 2242 radiis
563 2179 671 2242 obnixa
694 2196 849 2242 occurrere
871 2181 979 2252 fronte,

252 2278 380 2339 dvorsus
403 2277 506 2340 crebro
529 2278 627 2341 vimen
650 2278 702 2340 sed
725 2278 847 2341 verbere
867 2278 978 2342 caudae

253 2376 368 2440 Laxans
390 2376 583 2458 subsequitur
604 2384 764 2458 tutumque
786 2377 884 2441 evadit
904 2376 937 2441 in
960 2372 1080 2458 aequor.

198 2483 229 2533 15
255 2476 334 2550 Quin
358 2475 445 2538 ctiam
468 2475 495 2538 si
515 2477 594 2539 forte
617 2476 702 2548 alius,
725 2477 775 2558 qui
797 2476 905 2539 damna
929 2477 1051 2550 notarit,

253 2574 332 2636 llitis
354 2574 515 2637 luctantem
537 2593 639 2638 emtus
661 2576 743 2638 hunc
765 2576 796 2637 in
817 2575 929 2638 vimine
952 2575 1035 2647 vidit,

253 2673 353 2735 dversi
376 2672 500 2735 caudam
523 2691 625 2736 morsu
647 2681 730 2736 tenet
752 2683 843 2755 atque
866 2675 991 2748 lacessit,

254 2772 353 2834 llonec
374 2781 490 2835 servato
513 2792 602 2854 quem
625 2774 701 2835 texit
722 2773 784 2836 cive
807 2773 940 2836 resultet.

255 2870 342 2952 Sepia
364 2871 446 2933 tarda
468 2871 563 2952 fugae,
586 2872 670 2935 teum
692 2890 761 2935 cum
783 2872 862 2934 lorte
884 2870 1042 2954 subunda

196 2979 228 3030 to
255 2971 404 3051 Deprensa
428 2971 551 3033 ostiam
575 2971 694 3053 iamque
716 2989 823 3035 manus
846 2971 930 3034 timet
951 2971 1020 3035 hilla
1042 2974 1165 3055 rapacis,

256 3070 392 3143 ludoicus
414 3088 526 3150 aequor
548 3071 667 3151 nigrum
690 3072 782 3134 vomit
804 3071 852 3134 illa
873 3089 1009 3135 cruorem

253 3168 427 3250 Avertitque
448 3168 508 3231 vias
531 3170 633 3233 oculos
656 3169 797 3235 frustrata
819 3170 982 3252 sequentis.

255 3268 376 3330 Clausus
400 3277 466 3330 rete
487 3269 586 3350 lupus,
610 3271 744 3350 quamvis
765 3268 880 3333 inmitis
903 3276 933 3331 et
954 3287 1031 3341 acer,

254 3367 379 3429 Dimotis
402 3367 494 3432 cauda
515 3367 682 3432 submissus
703 3369 773 3432 sidit
793 3367 891 3431 arenis

198 3474 230 3526 25
252 3475 280 3528 ln
298 3472 421 3543 foveaque
439 3476 535 3544 iocans,
557 3476 601 3528 nli
619 3483 675 3529 rete
693 3477 796 3529 levetur
814 3466 846 3529 in
867 3483 964 3541 aurae,

254 3565 370 3628 Emicat
391 3574 480 3649 atque
503 3565 587 3628 dolos
610 3574 677 3628 estu
699 3565 813 3629 deludit
834 3565 957 3628 inultus.

253 3665 291 3726 Et
314 3682 438 3727 murena
460 3664 554 3737 ferox,
577 3663 673 3726 teritis
695 3663 752 3727 sibi
775 3664 893 3728 muscia
914 3663 1000 3744 tergi,

254 3764 298 3826 ud
320 3763 412 3826 laxata
435 3763 528 3845 mugio
551 3763 656 3826 conixa
678 3764 825 3828 feramina
848 3763 920 3827 retis

254 3863 386 3926 Tandem
410 3863 595 3943 permultos
616 3863 715 3927 evadit
736 3864 847 3927 lubrica
869 3864 963 3927 flexus

198 3970 231 4021 30
257 3962 458 4044 Exemploque
482 3981 595 4025 nocens
617 3963 732 4026 cunctis
754 3963 812 4025 iter
834 3962 948 4025 invenit
970 3981 1039 4026 una.

255 4062 294 4124 lt
316 4071 417 4124 contra
439 4061 569 4144 scopulis
593 4062 696 4124 crinali
718 4081 843 4144 corpore
863 4062 963 4143 segnis

225 4230 256 4290 ¹·
274 4254 297 4304 Ρ.
312 4238 368 4291 100.
388 4252 411 4303 Ρ.
426 4235 466 4288 12.
505 4226 537 4288 2·
555 4252 577 4303 Ρ.
592 4235 624 4288 13
634 4251 672 4303 ΒΡ.
711 4224 744 4288 00
761 4252 784 4303 Ρ.
799 4234 838 4288 14.
873 4225 961 4289 0-οο
978 4251 1002 4303 Ρ.
1019 4235 1058 4287 10.
1095 4225 1126 4287 0·
1153 4226 1185 4288 8ο
1202 4253 1226 4305 Ρ.
1241 4237 1298 4290 ¹02.

148 4311 209 4372 ,¹⁰⁸
235 4337 259 4387 Ρ.
281 4320 321 4372 78.
385 4310 437 4371 ¹1·
461 4334 486 4385 Ρ.
510 4319 551 4371 78.
614 4311 665 4371 10·
691 4335 715 4387 Ρ.
738 4319 771 4371 79
785 4334 836 4388 ΜΝ.
903 4308 954 4371 Π·
981 4334 1005 4385 Ρ.
1027 4318 1068 4370 8²·
1132 4308 1182 4370 lss·
1211 4336 1233 4387 Ρ.
1256 4319 1297 4372 82.

156 4393 209 4454 2⁰·
226 4417 250 4469 Ρ.
264 4402 295 4455 ΊῙ
306 4418 342 4471 sq·
390 4391 442 4456 ῃ·
459 4418 484 4470 Ρ.
499 4401 540 4454 71·
583 4389 637 4455 2⁸0
654 4418 679 4469 Ρ.
692 4401 733 4454 n·
780 4393 833 4454 2⁰·
850 4418 874 4470 Ρ.
887 4401 928 4455 75.
962 4390 1017 4455 27·
1034 4417 1059 4469 Ρ.
1072 4400 1113 4454 70.
1148 4392 1201 4456 01·
1219 4417 1243 4469 Ρ.
1254 4404 1297 4455 37.
