2924 5018
585 273 854 338 -155-

158 451 245 532 male)
267 461 404 524 unorum
426 469 503 531 qnae
523 450 567 513 sie
580 451 707 532 aeeipio:
729 467 791 512 non
814 469 876 512 une
899 450 996 512 omnin
1019 450 1144 512 oonsilio
1166 452 1303 514 observat

155 551 338 624 Aristoteles,
362 549 416 614 sed
443 550 557 629 singula
580 549 628 612 hio
652 549 712 612 illie
731 551 866 623 subnotem
895 550 949 611 sed
975 551 1057 612 unde
1078 550 1198 611 anxium
1229 551 1302 612 illud

156 660 187 711 ut
210 649 338 712 arbitror
357 649 385 714 si
401 647 514 712 Plinius
535 667 600 711 rem
623 649 693 712 hine
713 649 795 711 illine
814 649 878 729 ipse
898 645 1113 728 congesserat?
1134 649 1212 713 Tum
1234 667 1316 711 vere·

156 749 272 828 Trogus
286 748 326 815 ita
341 747 507 817 inducitur:
524 746 637 813 Addidit
651 766 888 832 eorumquoque
902 758 1012 830 aptoton
1026 749 1117 812 simili
1129 750 1213 813 etodo
1227 750 1305 829 opud

156 867 207 910 reos
223 847 331 931 Trogus
345 858 372 909 et
385 851 444 931 ipse
459 849 559 913 ottotor
572 865 587 909 o
601 850 798 912 severissimis:
823 844 969 911 tenesne?
984 865 1037 909 cur
1052 847 1132 910 enim
1155 848 1299 930 seriptum

157 965 219 1008 non
248 952 306 1025 qst:
342 944 461 1028 Scripsit
487 940 533 1007 iel
557 942 682 1007 Protulit
711 964 825 1008 morunt
847 963 955 1029 quoque
977 955 1084 1030 spectus
1108 942 1228 1031 Trogus,
1252 947 1304 1008 sed

156 1041 299 1107 Addidit?
332 1040 393 1124 ligo
417 1043 556 1125 equidem
568 1051 697 1124 'spectus
723 1042 773 1106 isti
786 1044 883 1106 'valde
905 1048 1007 1107 vereor
1021 1062 1060 1126 ne
1076 1044 1153 1127 apud
1169 1042 1301 1126 Trogum
1315 1055 1318 1060 ’

156 1144 255 1224 ipsum
277 1143 312 1205 ad
331 1143 380 1205 illa
395 1143 541 1223 praescita
564 1143 729 1205 Aristotelis
754 1143 885 1218 ‚‚additi“
908 1143 1030 1206 luerint.
1074 1132 1226 1206 Nimirum
1244 1141 1303 1205 Pli-

157 1241 224 1303 nius
252 1241 310 1303 iam
341 1240 398 1302 hoc
419 1240 484 1304 loeo
514 1242 548 1303 ad
576 1239 700 1303 verbum
724 1244 821 1323 usqne
843 1240 974 1322 Trogum
1004 1248 1161 1304 secuturus
1183 1257 1250 1305 enm
1274 1244 1304 1304 in
1404 1256 1406 1261 ’

158 1339 251 1402 artius
280 1339 441 1420 constringi
476 1347 538 1403 arta
555 1338 650 1420 'Trogi
678 1338 767 1402 verbe
796 1357 858 1402 nen
892 1332 977 1402 iaeile
1010 1348 1141 1425 possent,
1169 1341 1305 1403 omittere

158 1458 270 1502 nemen
293 1434 381 1517 Trogi
403 1455 464 1501 non
488 1436 624 1502 audebat.
656 1436 796 1501 Similiter
819 1436 893 1500 Plini
909 1434 998 1500 XXIV
1016 1434 1075 1499 too
1099 1438 1305 1521 accipiendum

158 1557 225 1601 esse
254 1536 377 1599 verbum
401 1533 503 1600 odieeit
525 1553 585 1600 non
608 1534 846 1618 improbabiliter
864 1542 991 1608 statues,
1021 1552 1121 1618 neque
1135 1536 1228 1600 xvffl
1243 1537 1305 1599 200

158 1637 205 1699 illa
230 1637 330 1698 edieeit
349 1636 393 1698 bis
408 1636 502 1700 Attius
514 1655 575 1717 eqs.
593 1632 681 1718 (quae
703 1642 770 1716 post
785 1641 803 1712 t
819 1635 879 1698 201
899 1631 1067 1698 collocanda
1083 1653 1147 1698 esse
1162 1635 1306 1699 intellexit

159 1733 385 1797 lisbinmnius:
408 1732 452 1796 lle
481 1743 636 1799 suetorum
665 1734 812 1797 indicibus
843 1722 985 1797 Plinianis
1006 1753 1035 1816 p.
1052 1733 1106 1815 28)
1135 1734 1306 1815 accipienda

158 1834 245 1897 aliter
266 1842 336 1895 sunt
359 1834 426 1914 quia
453 1834 543 1896 etiam
565 1834 750 1914 vergiliarum
778 1851 914 1897 oceasum
939 1832 1024 1914 quasi
1042 1840 1162 1914 tempus
1188 1833 1306 1896 serendi

159 1950 327 1995 memorare
348 1932 472 1995 debebat
491 1932 600 1995 Attius.
1169 1926 1172 1931 ’

246 2032 371 2098 Olboere
400 2040 500 2098 autem
523 2032 588 2098 istie
610 2039 641 2097 et
662 2032 804 2110 refragari
827 2031 901 2097 nihil
933 2032 1057 2096 omnino
1090 2032 1174 2095 video
1210 2036 1314 2113 neque·

163 2132 237 2194 adeo
259 2131 356 2196 losum
372 2131 451 2198 Plini
471 2132 631 2211 delepore
646 2131 684 2193 xt
700 2129 763 2193 229
785 2131 837 2195 ubi
856 2131 913 2211 pili
934 2141 1000 2195 esse
1016 2131 1155 2194 bieuntur
1171 2134 1308 2213 dasypodi

159 2232 239 2295 etin
260 2228 352 2293 buerit
372 2232 450 2298 sistus
471 2239 499 2293 et
519 2231 572 2292 sub
591 2230 725 2309 pedibus;
748 2248 821 2310 quoe
843 2239 965 2309 utemur
982 2228 1091 2309 Trogus
1111 2241 1138 2291 et
1158 2233 1192 2291 in
1212 2231 1308 2310 lepore

161 2327 290 2400 tradidit,
311 2327 362 2391 boe
382 2327 513 2407 enemplo
534 2327 741 2392 libidinosiores
762 2327 909 2391 bominum
927 2344 1035 2407 quoqne
1056 2328 1143 2390 birtos
1165 2327 1319 2408 worm„

160 2425 238 2491 llinn
252 2425 449 2507 oolligendum
465 2425 688 2495 Gutscbmidius
700 2425 841 2489 inelinavit
856 2425 985 2490 Plinium
1006 2426 1074 2488 date
1094 2427 1151 2489 ista
1167 2427 1308 2507 dasypodi

161 2524 238 2605 apud
260 2524 449 2590 Aristotelem
465 2523 566 2604 ipsum
580 2523 690 2604 (pili
703 2525 728 2584 A
740 2523 781 2587 34
793 2527 882 2604 sqq),
899 2524 998 2604 ‚lepori
1016 2525 1095 2604 apud
1110 2524 1241 2604 Trogum
1262 2524 1308 2586 si·

161 2623 255 2696 disson
266 2623 422 2703 2oasypooa
435 2641 501 2686 esse
523 2623 656 2703 leporem
671 2623 822 2694 nesciisse,
844 2623 913 2686 ideo
927 2639 995 2688 remi
1009 2623 1134 2686 eandem
1150 2624 1186 2687 de
1206 2624 1309 2704 lepore

161 2722 339 2787 enotsndam
355 2741 391 2785 on
406 2721 504 2800 Trogo
518 2729 657 2802 putasse;
677 2721 728 2784 sed
744 2721 780 2783 ad
797 2720 1014 2785 dissensionem
1030 2722 1078 2784 vel
1091 2722 1159 2785 inde
1175 2723 1309 2802 compel-

162 2822 253 2908 limur
274 2821 356 2901 qnod
381 2838 444 2884 non
470 2821 507 2883 de
532 2820 691 2884 Aristotele
714 2819 766 2882 sed
795 2819 832 2882 de
861 2818 961 2898 Trogo
988 2820 1070 2883 adsit
1097 2821 1228 2884 Plinius:
1258 2820 1309 2883 boo

160 2919 292 3005 eoomplo
312 2919 516 2985 libidinosiores
537 2919 684 2984 bominum
699 2937 807 3002 proque
828 2919 917 2982 birros
939 2919 1086 3000 oolligens3
1108 2937 1179 3000 erge
1200 2919 1307 2982 eodem

161 3019 212 3087 illo
226 3018 391 3085 mnesteus
416 3018 482 3083 loeo
503 3018 659 3097 ignorabat
673 3019 791 3083 adstare
809 3017 918 3084 ‹verbat
946 3013 1014 3083 dod
1032 3017 1107 3081 καὶ
1132 3017 1205 3082 τῶν
1231 3013 1309 3082 do·

161 3113 340 3202 sbqoirreoo
369 3113 408 3181 oi
435 3115 577 3191 δασεῖς
606 3113 972 3201 ἆφροδισιαστικοὶ
996 3114 1052 3181 καὶ
1075 3110 1320 3199 noddonappee.

162 3213 316 3299 petillio
346 3216 429 3281 aloe
458 3219 523 3282 erbo
551 3215 659 3283 drino.
711 3217 910 3298 Consequitur
939 3222 1102 3300 autemut
1126 3224 1188 3277 tota
1214 3216 1311 3289 §229

163 3316 312 3396 enTrogo
331 3315 479 3384 affluxerit
493 3323 527 3379 et
546 3327 580 3377 ut
595 3315 711 3394 Trogus
732 3314 826 3378 luerit
846 3315 898 3395 qui
909 3314 1159 3398 denominatione
1181 3315 1311 3395 dasypus

164 3423 335 3479 muservan
368 3415 407 3477 de
438 3415 539 3495 lepore
575 3415 679 3478 eadem
711 3413 870 3479 referenda
901 3414 1025 3494 putaris
1073 3414 1170 3493 Atque
1198 3431 1238 3474 ne
1262 3413 1311 3474 bie

164 3514 285 3595 quidem
307 3526 404 3598 sermo
428 3513 601 3577 observatus
623 3530 683 3576 non
710 3511 879 3576 auxiliatur:
902 3511 974 3592 quid
995 3509 1098 3575 enimi
1121 3512 1310 3592 exspectaba-

164 3629 232 3679 mus
246 3630 320 3693 quot
336 3621 459 3692 uroque
476 3610 584 3692 Propon
604 3615 636 3674 in
658 3611 753 3691 lepore
766 3611 888 3674 tradidit
909 3611 954 3674 vel
969 3629 1043 3690 quoe
1062 3623 1187 3693 utroque
1201 3609 1310 3692 Tropus

159 3713 263 3792 poton
276 3713 310 3775 in
324 3711 417 3792 lepore
433 3710 565 3775 tradidit:
581 3726 663 3775 nuno
677 3710 758 3790 quod
773 3710 898 3790 legimus
912 3714 985 3774 etin
1000 3710 1095 3790 lepore
1109 3711 1233 3792 perinde
1246 3726 1323 3772 rem.
1399 3781 1401 3786 ,

163 3809 264 3891 prodit
275 3817 364 3890 atque
373 3809 446 3873 illud
458 3809 566 3873 eddidit
578 3808 686 3890 Trogus
695 3809 776 3890 quod
788 3809 878 3873 modo
893 3809 1104 3890 interpretetus
1117 3828 1193 3872 sum.
1222 3809 1312 3871 lieni·

165 3927 227 3988 qua
245 3907 323 3988 apud
339 3908 467 3990 Plinium
484 3907 512 3971 X
529 3906 590 3969 179
604 3928 683 3990 quae
702 3919 776 3973 sunt
801 3909 957 3989 dasypodes
978 3912 1057 3972 orroei
1076 3926 1171 3972 mense
1189 3913 1313 3989 periuret

164 4017 197 4073 et'
210 4008 401 4087 remorsotoon
423 4009 495 4071 sitin
516 4004 625 4087 lepores
639 4007 689 4087 (cf.
703 4008 792 4072 Arist.
808 4027 837 4088 p.
854 4007 947 4070 5703
964 4007 1003 4068 30
1019 4006 1077 4087 sq.)
1099 4007 1195 4069 eidem
1213 4006 1311 4086 Trogo

164 4104 332 4170 retribuere
346 4105 531 4169 debebimus.
1083 4156 1085 4161 ,

251 4203 336 4276 Quod
352 4224 422 4267 vero
439 4203 483 4265 bis
505 4203 582 4284 apud
599 4202 728 4265 Plinium
744 4220 807 4266 non
827 4202 872 4269 tue
893 4203 1000 4284 legitur
1024 4204 1076 4268 sed
1103 4203 1160 4265 lost
1182 4202 1234 4282 (xl
1250 4202 1312 4266 236

165 4309 197 4372 et
211 4300 288 4383 232)
301 4302 332 4368 id
347 4302 379 4367 in
395 4309 527 4367 mentem
543 4303 674 4382 Tbogum
689 4318 750 4367 non
765 4310 897 4392 serenan
912 4303 1056 4382 Trogus
1073 4302 1151 4365 enim
1167 4302 1208 4363 de
1228 4302 1312 4365 ani-

166 4401 319 4471 malibus
353 4421 414 4471 non
436 4402 558 4485 quidem
590 4402 647 4473 leet
667 4402 718 4464 sed
752 4401 823 4472 lueto
845 4401 1015 4482 usurpabat,
1047 4401 1084 4464 oi.
1108 4400 1220 4481 Charisi
1241 4402 1314 4480 inst

166 4519 258 4581 gram.
275 4520 305 4585 p.
325 4501 395 4576 102,
413 4501 451 4566 10
463 4501 497 4566 Κ.
528 4501 592 4576 Qua
606 4508 707 4565 tamen
723 4500 820 4566 oblata
841 4501 994 4566 oecosione
1009 4500 1226 4565 nominativum
1242 4500 1313 4564 laete
1338 4523 1340 4528 ·
