2924 5018
616 276 858 341 -108-

165 452 264 517 λόκον
284 477 309 516 v.
327 456 367 516 23
396 454 546 534 habetque
565 449 664 516 λόκον
686 454 773 514 ctiam
790 454 962 532 Hesychius,
984 453 1057 512 item
1073 450 1208 512 Hicesius
1232 451 1313 528 apud

165 555 270 616 Athen.
287 553 388 628 2821),
417 574 506 634 quam
537 554 575 615 ihi
604 553 760 615 lectionem
788 553 899 614 frustra
925 551 1122 613 turbaverunt
1144 549 1198 610 viri
1222 549 1315 622 ducti,

164 653 201 714 cf.
219 654 493 733 Schweighaeuseri
509 653 577 714 adn.
593 652 629 713 ad
645 652 661 712 l.

248 753 285 813 nt
308 752 344 814 de
368 754 565 828 melanuro
588 758 674 831 poeta
698 750 777 829 quod
801 749 919 828 scripsit
941 769 967 810 v.
996 747 1053 808 113
1078 748 1164 809 luacde
1193 749 1316 827 r'nsr'pm‘s

147 852 280 921 conduc,
303 852 432 931 speciem
448 850 566 930 quidem
584 850 774 928 praesefert
796 849 882 928 quasi
904 849 1117 929 φερωνυμίαν
1139 854 1314 908 monstrare

164 949 251 1010 etiam
274 936 384 1011 in'hoc
406 950 487 1029 pisce
511 948 651 1009 voluerit:
686 948 777 1009 cauda
808 947 888 1007 enim
922 947 953 1007 in
987 945 1109 1006 nomine
1142 945 1240 1007 inest:
1274 945 1312 1006 uf.

164 1052 331 1128 ἵππουρος
357 1044 525 1128 πόγουρος
551 1043 705 1126 αἴλουρος
731 1045 942 1123 (Thimotlxeus
964 1063 1028 1124 cap.
1045 1043 1098 1119 36)
1131 1039 1313 1124 ιρόχουρος

163 1142 339 1228 κόλλσυρος
361 1141 567 1227 πλατόουρος
589 1144 710 1219 similia3
739 1145 791 1205 sed
819 1135 964 1206 lauda’ri
987 1142 1109 1203 caudam
1132 1141 1234 1203 minus
1257 1162 1313 1204 ex-

163 1251 326 1323 pectamus.
372 1244 458 1305 Certe
485 1244 657 1305 Aristoteles
690 1243 813 1304 caudam
847 1242 967 1322 quidem
1000 1241 1148 1318 insignem
1176 1240 1312 1320 putabat,

163 1342 214 1403 sed
248 1343 344 1403 colore
376 1343 475 1422 potius
499 1338 817 1424 όρροπυγοσυλκοους
839 1340 1010 1420 praedicans
1033 1338 1153 1416 (Athen.
1178 1338 1312 1418 313u);

163 1449 252 1521 atque
275 1441 405 1503 Isidorus
431 1441 479 1513 12,
497 1442 532 1503 6:
557 1443 680 1502 roardum
696 1444 809 1519 κίρκοιο
824 1441 905 1501 dubet
921 1451 947 1502 et
969 1444 1076 1520 pinnas
1101 1442 1202 1518 κίρκοι
1227 1448 1256 1500 et
1280 1442 1312 1500 in

163 1557 281 1619 corpore
303 1541 393 1602 leneus
407 1545 514 1621 ια’ρνοο.
559 1541 605 1600 An
627 1540 717 1601 simul
739 1539 828 1601 etiam
852 1558 918 1600 caro
941 1540 1051 1602 caudae
1073 1546 1102 1600 et
1123 1558 1214 1601 sucus
1237 1546 1311 1601 tunc

162 1639 306 1702 Romanis
322 1640 454 1720 placebat
468 1640 576 1720 quihus
592 1639 762 1700 melanurus
782 1640 814 1698 in
828 1637 947 1718 piscinis
964 1638 1108 1700 asservari
1123 1637 1228 1698 solitos
1244 1657 1311 1701 esse

163 1739 322 1800 Columella
339 1739 421 1800 testis
437 1735 505 1800 est?
528 1739 641 1799 Memor
655 1745 757 1799 tamen
773 1756 840 1799 sum
855 1737 911 1798 loci
927 1737 1051 1799 Pliniani
1067 1737 1106 1797 lx
1121 1735 1162 1798 48
1179 1735 1232 1798 ubi
1244 1755 1311 1801 non

162 1837 276 1915 placere
298 1837 350 1898 sed
365 1837 519 1916 displicere
541 1835 582 1897 τὰ
604 1830 725 1915 οὐραῖα
747 1836 906 1915 exponitur
921 1855 1026 1916 parum
1042 1837 1151 1918 quippe
1170 1836 1311 1917 pinguim

162 1935 269 2013 quibus
292 1935 372 1996 addit
387 1934 499 1996 Plinius
515 1954 582 1996 esse
604 1942 705 1995 tamen
728 1953 760 1995 ea
783 1937 814 1995 in
830 1934 886 1994 olio
900 1939 976 2014 pisce
991 1939 1068 1997 circu
1082 1935 1207 1996 caudam
1222 1953 1310 1997 ener-

162 2037 339 2095 citutissimu:
370 2034 436 2114 quis
464 2033 554 2112 igitur
575 2033 623 2094 hic
645 2041 689 2094 est
716 2033 813 2094 alius
836 2029 948 2113 piscis?
976 2034 1078 2095 ludere
1100 2034 1144 2095 vir
1166 2034 1311 2112 gravissi·

162 2151 229 2194 mus
252 2141 341 2212 atque
363 2134 503 2212 mysteria
527 2135 620 2205 facere
642 2132 771 2207 videtur3
799 2151 852 2193 cur
881 2133 961 2194 enim
989 2152 1099 2195 nomeu
1122 2133 1225 2214 ipsum
1248 2151 1310 2196 nun

162 2229 266 2294 dedit?
308 2232 370 2293 lam
392 2233 459 2311 quia
482 2231 673 2293 divinandum
697 2230 802 2291 lectori
825 2231 882 2291 hoo
903 2231 1031 2310 reliquit,
1054 2231 1179 2293 forsitan
1201 2231 1311 2312 aliquis

162 2330 240 2409 apud
264 2328 391 2390 Plinium
415 2330 536 2408 cogitari
562 2330 638 2391 dicat
660 2329 742 2390 hunc
764 2336 901 2390 nostrum
925 2329 1123 2390 melanurum.
1168 2330 1311 2404 Frustra3

162 2427 227 2506 quis
251 2427 330 2488 enim
354 2445 416 2488 non
440 2429 588 2507 praeferet
609 2428 726 2507 planius
759 2427 840 2488 illum
876 2435 904 2488 et
932 2446 1002 2489 sana
1025 2436 1126 2489 mente
1153 2428 1312 2508 scripsisse

161 2533 284 2604 putare:
307 2529 339 2586 ιἰι
360 2526 455 2604 gladio
476 2530 549 2605 pisce
566 2529 640 2586 circu
663 2526 785 2586 cundum
800 2529 1048 2601 enercitotissimu3
1071 2527 1102 2586 in
1126 2526 1225 2604 gladio
1248 2528 1310 2590 sci-

159 2622 230 2684 licet
266 2624 390 2686 caudam
427 2625 581 2705 optimam·
604 2644 669 2686 esse
703 2624 810 2686 cecinit
842 2625 1049 2687 Archestratus
1084 2626 1163 2705 apud
1197 2613 1308 2687 Athen.

161 2742 189 2802 p.
207 2722 309 2784 stan.
355 2723 528 2785 submoneo
551 2731 650 2785 autem
678 2742 713 2784 ex
737 2722 875 2784 Ouidiana
903 2724 1031 2785 lectione
1054 2723 1219 2787 Aristotelis
1245 2725 1311 2791 fere

159 2823 230 2884 illud
254 2815 549 2906 ὀρροπυγόστικτοι
572 2823 649 2884 facili
670 2821 794 2883 artificio
816 2823 880 2894 elici
903 2841 1008 2902 posse:

261 2921 339 2994 Quin
362 2922 476 2983 tianeus
499 2922 589 3000 signis
612 2921 722 2983 caudae
745 2922 917 2982 melanurus
1298 2970 1301 2977 .

160 3020 238 3100 quod
275 3020 300 3081 si
332 3029 418 3099 poeta
452 3038 552 3081 revera
585 3021 743 3099 scripserat
770 3022 909 3100 deceptus
932 3040 947 3081 a
970 3020 1088 3083 librario
1110 3022 1168 3082 iam
1191 3020 1311 3085 Plinius

159 3118 216 3179 fuit
231 3118 283 3197 qui
298 3119 405 3181 refert:
425 3120 585 3199 placentem
600 3121 695 3182 curedo
709 3119 909 3194 meteororum
930 3139 968 3181 an
983 3120 1048 3199 quis
1072 3140 1107 3180 ex
1122 3120 1168 3181 his
1182 3139 1311 3202 quoque

158 3216 310 3294 (laventem
327 3218 419 3279 ruodo
433 3216 551 3280 eliciet?
575 3218 712 3279 Ceterum
725 3218 822 3279 arenis
838 3218 933 3279 vivere
950 3219 1137 3280 melanurum
1149 3219 1311 3300 Oppianus

160 3316 302 3379 iudicati
325 3315 376 3391 98,
405 3326 508 3379 contra
529 3319 604 3396 'alga
634 3318 805 3381 Aristoteles
838 3337 867 3396 p.
892 3317 983 3377 5911
1012 3318 1057 3391 15,
1085 3318 1137 3379 sed
1164 3309 1310 3383 ἀκυατον

159 3434 224 3477 esse
245 3415 399 3477 Marcellus
422 3436 447 3478 v.
468 3416 516 3489 13,
540 3417 703 3478 Columella
726 3417 896 3492 saxatilem3
918 3417 1052 3478 saxatiles
1076 3425 1175 3478 autem
1198 3437 1310 3483 omnus

159 3510 330 3596 πρόςγειοι
353 3526 424 3578 sunt
446 3517 547 3597 (Arist.
563 3516 654 3579 5981
674 3519 734 3593 10).
901 3596 904 3601 ῃ

243 3600 339 3686 Quare
354 3618 490 3678 saxatiles
506 3618 593 3679 etiam
609 3619 708 3696 plures
724 3616 755 3677 in
772 3617 940 3696 fragmento
955 3626 1059 3679 nostro
1071 3616 1192 3697 pelagiis
1209 3620 1309 3682 adnu-

159 3723 325 3786 merentum
358 3715 398 3776 ita
435 3719 592 3778 merulae
620 3736 645 3776 v.
675 3717 744 3788 114,
770 3716 954 3795 audiuntque
981 3736 1031 3778 eae
1057 3719 1193 3786 υἰκαιλυις
1228 3738 1308 3799 quae

158 3819 259 3873 tamen
276 3812 381 3874 coloris
397 3822 468 3874 nota
484 3814 577 3876 scitur
592 3833 680 3894 quam
693 3815 804 3877 incerta
820 3822 850 3876 et
866 3832 936 3894 vaga
952 3823 982 3876 et
998 3815 1073 3894 nigri
1088 3815 1196 3877 coloris
1212 3835 1306 3897 qtram

158 3908 262 3970 similis
292 3910 339 3971 sit.
392 3912 470 3973 Sunt
498 3921 597 3974 autem
629 3909 793 3994 κόσσυφοι
823 3914 1023 3975 turdorum
1053 3914 1180 3994 piscium
1219 3918 1307 3997 quasi

159 4007 273 4084 mariti;
306 4016 483 4091 mutantque
509 4012 598 4073 simul
625 4012 744 4091 utrique
771 4013 899 4086 colorem
925 4012 1047 4074 Aristot.
1074 4031 1102 4092 p.
1131 4012 1235 4075 607B
1264 4019 1306 4079 15

157 4107 239 4183 tinde
253 4108 483 4172 idem-Aelianus
498 4111 551 4171 llll
567 4109 635 4190 28);
665 4106 857 4192 μελάγχρων
872 4111 1036 4173 Numenius
1061 4130 1157 4175 unum
1178 4110 1307 4179 κόσσυ-

156 4225 220 4285 φον
235 4206 384 4286 praedicat
399 4208 455 4287 frg.
470 4208 556 4281 XVll,
573 4202 687 4287 κίχλας
707 4210 796 4270 simul
812 4213 990 4273 memoratas
1006 4212 1105 4291 potius
1121 4203 1305 4290 ἁλιειδέας.

155 4307 192 4365 itt
221 4315 325 4367 contra
355 4308 469 4369 αἴθων
498 4309 663 4369 secundum
694 4308 860 4388 Oppianum
890 4305 1057 4393 κόσσυφος
1086 4311 1198 4387 1510,
1229 4315 1306 4377 ite·

156 4399 296 4487 οἰνώδης
311 4406 417 4469 turdus
433 4407 510 4487 apud
527 4407 700 4469 Pancratem
716 4408 821 4470 Athen.
836 4407 896 4470 305
910 4410 939 4471 C.
970 4410 1068 4490 Atque
1084 4406 1144 4472 hoc
1157 4419 1313 4491 reputans-
