2924 5018
599 285 836 349 ,-66--

257 464 309 525 Tu
330 464 431 544 procul
455 469 596 525 eventura
621 462 709 533 vides,
732 462 801 524 tibi
824 459 940 523 deditus
962 476 1056 536 augur

301 563 363 624 Scit
385 562 462 623 bene
486 562 557 642 quid
578 560 631 624 fati
654 561 776 640 provida
800 567 899 622 cantet
922 557 984 619 avis

259 661 389 740 Tuque
411 661 488 738 regis
511 670 615 733 sortes,
638 677 692 739 per
714 668 745 721 te
766 657 932 739 praesentit
953 673 1079 735 aruspex
1094 672 1155 734 eqs.

156 774 219 835 Iam
256 789 324 834 vero
362 773 394 835 in
431 791 517 834 versu
550 771 735 833 Halieuticon
771 771 837 832 tali:
880 769 1002 848 Iasipas's
1037 784 1193 847 saepesque
1227 768 1309 827 nota

156 874 276 950 iasipaa's
297 881 324 931 et
354 870 408 931 ale's
434 871 621 950 superfluum
642 877 722 931 certe
749 869 794 928 vel
819 879 845 930 et
869 866 1017 929 videbitur
1043 867 1090 928 vel
1112 865 1192 944 quod
1222 863 1308 924 idem

157 970 235 1033 foret
249 972 350 1032 'eticae
396 969 492 1041 Quam
514 969 637 1047 pulchre
660 978 780 1030 econtra
802 987 818 1030 a
841 966 966 1045 Vergilio
995 976 1022 1027 et
1043 963 1250 1043 interponitur
1274 962 1310 1024 in

158 1065 351 1151 ἐπιτιμήσει
374 1068 423 1130 illa
445 1069 517 1129 Aen.
534 1067 561 1127 X
576 1066 616 1128 85
633 1068 682 1143 (cf.
698 1065 826 1129 Macrdbi
841 1065 878 1128 IV
894 1063 962 1143 24):

217 1216 221 1221 .
257 1168 369 1228 Aeneas
392 1167 515 1246 ignarus
539 1166 631 1233 abest.
676 1166 797 1243 Ignarus
821 1172 851 1226 et
872 1161 962 1226 absit!

161 1279 234 1340 Item
259 1280 374 1358 egregie
398 1278 521 1340 Ovidius
544 1279 612 1339 Met.
623 1277 665 1339 'VI
682 1276 718 1353 33
741 1275 889 1351 x112133
911 1296 947 1337 ex
962 1276 1057 1335 Ponto
1072 1273 1109 1333 IV
1125 1271 1154 1344 9,
1170 1270 1229 1332 63:

256 1377 390 1440 Laudare
412 1396 518 1458 parum
541 1386 593 1439 est.
638 1377 806 1438 Laudamur
828 1386 857 1437 et
879 1374 969 1454 ipsae.

257 1476 414 1538 Haemonii
435 1494 573 1557 proceres
595 1478 731 1549 aderaut3
755 1475 910 1536 aderamus
933 1482 962 1534 et
983 1471 1049 1552 ipsi.

259 1575 309 1637 Sic
331 1585 364 1636 tu
386 1576 431 1636 bis
453 1575 545 1638 fueris
569 1575 682 1648 consul,
706 1574 750 1635 his
774 1573 879 1634 consul
902 1581 932 1632 et
954 1571 1011 1631 ille.

159 1688 252 1749 Etiam
281 1688 459 1768 supponitur
486 1709 511 1750 e.
532 1707 559 1766 g.
580 1687 648 1750 lIet.
670 1687 733 1748 VIII
755 1686 831 1747 747:
865 1703 946 1764 saepe
973 1683 1024 1743 sad
1051 1683 1197 1754 laeam„
1221 1699 1311 1762 saepe

158 1790 251 1847 eticae.
296 1788 338 1847 Ita
360 1805 467 1867 qaoque
490 1787 601 1849 ibidem
617 1806 642 1848 v.
660 1785 720 1847 735
738 1783 983 1849 ortuslest:
1011 1781 1102 1860 Culpa
1123 1784 1170 1842 sai
1187 1784 1308 1855 aaaait3

157 1888 252 1945 aocaa't
268 1903 374 1966 qaoque
396 1887 480 1965 calpa
496 1886 630 1966 capellae.
663 1885 721 1946 Sed
737 1884 805 1945 talia
820 1901 888 1945 cum
905 1882 1054 1962 anaphora
1069 1881 1116 1941 iIIa
1132 1878 1165 1940 in
1179 1879 1309 1942 Halieu-

157 1984 224 2053 tiois
248 1983 331 2043 obvia
355 2001 525 2062 comparare
547 1985 594 2044 vix
616 1983 692 2044 serio
714 1982 795 2054 licet,
823 1982 908 2043 liceat
930 1979 1122 2061 Propertiana
1145 1977 1308 2054 nonnulla,

159 2090 245 2160 atque
273 2081 340 2143 inde
371 2081 459 2143 etiam
489 2082 718 2144 discernendum
746 2081 825 2142 Inter
852 2090 956 2161 poetas
988 2099 1052 2142 esse
1083 2085 1113 2139 et
1136 2076 1307 2139 molliorem

159 2180 277 2259 quidem
300 2179 524 2258 Propertianum
556 2181 692 2243 diffluere
719 2199 890 2242 sermonem
913 2177 1117 2258 cognoscitur:
1148 2174 1197 2236 hic
1220 2176 1307 2238 enirn

157 2277 235 2350 124,
253 2276 309 2353 233
330 2277 506 2354 11120,15;
528 2279 660 2359 11,29;
684 2279 786 2351 11116,
806 2279 947 2340 Ithaco:

258 2390 423 2451 Contendat
446 2409 562 2452 mecum
584 2390 704 2470 ingemo
727 2389 888 2450 comendae
911 2396 940 2449 et
962 2394 1024 2451 arte

257 2488 330 2549 Ossa
352 2489 405 2550 tihi
427 2489 492 2550 iuro
515 2507 568 2568 per
591 2489 693 2551 matris
716 2496 746 2549 et
768 2507 833 2549 ossa
855 2488 987 2567 parentis

256 2585 343 2647 Ferte
365 2606 418 2666 per
440 2595 587 2649 extremas
611 2593 713 2665 gentes
736 2593 764 2646 et
786 2586 863 2647 ferte
886 2604 939 2666 per
961 2586 1056 2647 undas

257 2685 387 2747 GaesarIs
408 2685 480 2747 haec
502 2687 594 2748 vlrtus
617 2693 647 2746 et
669 2685 761 2764 gloria
784 2685 915 2748 Caesaris
939 2686 1010 2746 haec
1032 2690 1086 2745 est.

157 2796 268 2858 'lamen
292 2798 370 2877 apud
393 2797 593 2870 eundem18,
612 2799 707 2877 assq.
733 2797 828 2859 omitti
850 2807 877 2858 et
899 2797 945 2857 vix
967 2802 1097 2876 poterat:

255 2908 292 2968 m
314 2909 411 2969 dicam
433 2908 553 2981 „licet
577 2909 705 2970 datariis
728 2910 861 2970 considat
884 2911 914 2971 in
937 2908 997 2970 oris

257 3007 299 3066 nt
320 3005 409 3067 licet
430 3007 548 3086 Hylleis,
571 3008 618 3069 illa
639 3007 740 3070 lutura
763 3026 827 3069 mea
851 3011 924 3069 est“.

157 3116 252 3196 Atque
274 3117 330 3177 ista
352 3136 405 3196 ego
421 3120 521 3181 omnia
544 3138 606 3182 non
628 3120 721 3199 magis
737 3121 772 3182 ad
796 3119 1022 3200 suspectandam
1036 3115 1115 3178 illam
1132 3114 1162 3177 iu
1178 3113 1302 3175 IIalieu-

156 3214 221 3274 ticis
244 3215 400 3277 lectionem
423 3222 541 3297 iaasa’paa's
562 3229 589 3280 et
611 3220 665 3280 ala's
687 3226 908 3296 argumentum,
940 3235 1029 3297 quam
1057 3214 1091 3277 ad
1119 3213 1302 3291 anaphoram

155 3314 232 3392 aliud
248 3323 350 3394 poetas
372 3315 478 3378 latinos
494 3318 684 3397 prudentiore
704 3317 812 3378 iudicio
828 3315 1050 3378 examinandam
1072 3312 1302 3375 incitamentum

155 3430 221 3474 esse
243 3414 361 3494 aliquod
384 3416 464 3478 volui
485 3418 787 3496 quantulumcunque.

471 3666 474 3671 .
707 3607 753 3666 VI.

242 3703 299 3764 Sed
333 3705 370 3764 ad
405 3704 603 3766 definiendam
639 3723 695 3785 qua
728 3704 836 3784 scrIpta
871 3703 1032 3765 Halieutiea
1064 3687 1151 3764 latitia
1184 3699 1302 3762 fuerint

156 3808 283 3863 aetatem
311 3812 361 3863 aut
390 3802 505 3881 egregie
537 3803 622 3864 fallor
650 3812 701 3863 aut
730 3802 865 3864 conferet
892 3802 982 3864 etiam
1006 3802 1095 3864 altera
1116 3818 1185 3880 pars
1207 3798 1299 3860 hulus

156 3900 363 3979 disputationis
397 3901 431 3960 ad
461 3918 549 3980 quam
577 3901 801 3981 procedendum
830 3921 908 3965 uuna
935 3911 988 3963 est
1038 3901 1100 3962 Iam
1128 3898 1207 3960 enim
1233 3914 1300 3959 nou

155 4016 325 4059 sermonem
349 4007 488 4060 curantes
510 4000 563 4060 sed
578 4017 652 4073 rem,
675 4000 806 4079 primum
823 4002 980 4064 ostendere
996 3997 1206 4081 proposuimus
1223 3996 1300 4057 nihil

156 4097 192 4157 de
214 4117 269 4158 suo
292 4098 408 4160 dedisse
430 4107 557 4177 poetam,
581 4099 682 4160 omnia
698 4100 901 4181 compilavIsse
917 4120 953 4161 ex
967 4099 1041 4170 aliis,
1064 4098 1104 4159 ita
1120 4104 1152 4159 ut
1174 4093 1300 4156 ridicule

156 4215 270 4258 errasse
285 4197 397 4259 Plinius
413 4198 554 4260 dicendus
570 4207 649 4260 esset
670 4217 726 4261 nea
741 4217 803 4261 nou
817 4200 895 4261 inter
917 4206 1061 4261 nostrates
1085 4195 1137 4276 qui
1157 4211 1226 4255 eum
1247 4211 1298 4253 se·

155 4307 317 4373 querentur
339 4306 369 4358 et
394 4300 474 4379 quod
496 4306 582 4360 caute
608 4299 740 4378 Zingerle
763 4299 879 4381 scripsit
901 4317 931 4379 p.
951 4297 1025 4358 120:
1054 4297 1120 4358 dass
1143 4293 1218 4356 auch
1245 4291 1299 4352 der

154 4395 307 4459 Verfasser
332 4399 384 4459 der
408 4397 566 4460 Halieutica
591 4397 638 4459 hei
665 4399 732 4460 dem
761 4399 839 4460 noch
862 4416 896 4459 so
920 4396 1037 4458 kleinen
1059 4393 1181 4457 Gehiete
1205 4395 1298 4456 doeh
