<?xml version="1.0" encoding="UTF-8"?>
<!DOCTYPE html PUBLIC "-//W3C//DTD XHTML 1.0 Transitional//EN"
    "http://www.w3.org/TR/xhtml1/DTD/xhtml1-transitional.dtd">
<html xmlns="http://www.w3.org/1999/xhtml" xml:lang="en" lang="en">
 <head>
  <title>
</title>
<meta http-equiv="Content-Type" content="text/html;charset=utf-8" />
  <meta name='ocr-system' content='tesseract 3.04.00' />
  <meta name='ocr-capabilities' content='ocr_page ocr_carea ocr_par ocr_line ocrx_word'/>
</head>
<body>
  <div class='ocr_page' id='page_1' title='image "./dehalieuticisov01birtgoog_0163.png"; bbox 0 0 2924 5018; ppageno 0'>
   <div class='ocr_carea' id='block_1_1' title="bbox 622 291 867 357">
    <p class='ocr_par' dir='ltr' id='par_1_1' title="bbox 622 291 867 357">
     <span class='ocr_line' id='line_1_1' title="bbox 622 291 867 357; baseline -0.004 0"><span class='ocrx_word' id='word_1_1' title='bbox 622 291 867 357; x_wconf 81' lang='lat'>-132-</span> 
     </span>
    </p>
   </div>
   <div class='ocr_carea' id='block_1_2' title="bbox 164 463 1320 2136">
    <p class='ocr_par' dir='ltr' id='par_1_2' title="bbox 164 463 1320 1940">
     <span class='ocr_line' id='line_1_2' title="bbox 170 463 1320 553; baseline -0.003 -20"><span class='ocrx_word' id='word_1_2' title='bbox 170 470 223 533; x_wconf 91' lang='lat' dir='ltr'><strong>sed</strong></span> <span class='ocrx_word' id='word_1_3' title='bbox 249 470 332 532; x_wconf 92' lang='lat' dir='ltr'><strong>cuius</strong></span> <span class='ocrx_word' id='word_1_4' title='bbox 348 469 409 532; x_wconf 90' lang='lat' dir='ltr'><strong>sint</strong></span> <span class='ocrx_word' id='word_1_5' title='bbox 424 463 668 532; x_wconf 77' lang='grc' dir='ltr'><strong><em>ἆσπαλιευιιιιὰ</em></strong></span> <span class='ocrx_word' id='word_1_6' title='bbox 690 463 738 531; x_wconf 81' lang='grc' dir='ltr'><strong>δι’</strong></span> <span class='ocrx_word' id='word_1_7' title='bbox 762 465 852 532; x_wconf 72' lang='grc' dir='ltr'><strong>ἐπῶν</strong></span> <span class='ocrx_word' id='word_1_8' title='bbox 873 465 990 551; x_wconf 77' lang='grc' dir='ltr'><strong><em>βιβλία</em></strong></span> <span class='ocrx_word' id='word_1_9' title='bbox 1012 465 1049 530; x_wconf 81' lang='grc' dir='ltr'><strong>δ’</strong></span> <span class='ocrx_word' id='word_1_10' title='bbox 1070 466 1127 530; x_wconf 74' lang='grc' dir='ltr'><strong>καὶ</strong></span> <span class='ocrx_word' id='word_1_11' title='bbox 1154 466 1320 553; x_wconf 76' lang='grc' dir='ltr'><strong><em>Παρθικὰ</em></strong></span> 
     </span>
     <span class='ocr_line' id='line_1_3' title="bbox 170 564 1319 649; baseline -0.002 -17"><span class='ocrx_word' id='word_1_12' title='bbox 170 564 214 649; x_wconf 77' lang='grc' dir='ltr'><strong>β’,</strong></span> <span class='ocrx_word' id='word_1_13' title='bbox 242 570 379 632; x_wconf 87' lang='lat' dir='ltr'><strong>Seleucus</strong></span> <span class='ocrx_word' id='word_1_14' title='bbox 405 570 461 630; x_wconf 92' lang='lat' dir='ltr'><strong>hos</strong></span> <span class='ocrx_word' id='word_1_15' title='bbox 482 585 543 630; x_wconf 92' lang='lat' dir='ltr'><strong>non</strong></span> <span class='ocrx_word' id='word_1_16' title='bbox 559 569 634 630; x_wconf 91' lang='lat' dir='ltr'><strong>duos</strong></span> <span class='ocrx_word' id='word_1_17' title='bbox 648 569 700 630; x_wconf 91' lang='lat' dir='ltr'><strong>sed</strong></span> <span class='ocrx_word' id='word_1_18' title='bbox 716 587 809 631; x_wconf 90' lang='lat' dir='ltr'><strong>uuum</strong></span> <span class='ocrx_word' id='word_1_19' title='bbox 826 587 891 630; x_wconf 90' lang='lat' dir='ltr'><strong>esse</strong></span> <span class='ocrx_word' id='word_1_20' title='bbox 906 566 1030 629; x_wconf 90' lang='lat' dir='ltr'><strong>celerius</strong></span> <span class='ocrx_word' id='word_1_21' title='bbox 1057 566 1182 642; x_wconf 83' lang='lat' dir='ltr'>diceres,</span> <span class='ocrx_word' id='word_1_22' title='bbox 1209 586 1319 649; x_wconf 74' lang='lat' dir='ltr'><strong>quarn</strong></span> 
     </span>
     <span class='ocr_line' id='line_1_4' title="bbox 170 667 1318 751; baseline -0.003 -19"><span class='ocrx_word' id='word_1_23' title='bbox 170 689 258 751; x_wconf 89' lang='lat' dir='ltr'><strong>quam</strong></span> <span class='ocrx_word' id='word_1_24' title='bbox 273 677 307 732; x_wconf 91' lang='lat' dir='ltr'><strong>ut</strong></span> <span class='ocrx_word' id='word_1_25' title='bbox 321 670 399 732; x_wconf 88' lang='lat' dir='ltr'><strong>idern</strong></span> <span class='ocrx_word' id='word_1_26' title='bbox 422 669 459 730; x_wconf 90' lang='lat' dir='ltr'><strong>de</strong></span> <span class='ocrx_word' id='word_1_27' title='bbox 483 669 586 731; x_wconf 90' lang='lat' dir='ltr'><strong>eadem</strong></span> <span class='ocrx_word' id='word_1_28' title='bbox 613 688 645 730; x_wconf 88' lang='lat' dir='ltr'><strong>re</strong></span> <span class='ocrx_word' id='word_1_29' title='bbox 670 676 699 730; x_wconf 91' lang='lat' dir='ltr'><strong>et</strong></span> <span class='ocrx_word' id='word_1_30' title='bbox 720 667 868 750; x_wconf 90' lang='lat' dir='ltr'><strong>poeticum</strong></span> <span class='ocrx_word' id='word_1_31' title='bbox 885 676 914 729; x_wconf 87' lang='lat' dir='ltr'><strong>et</strong></span> <span class='ocrx_word' id='word_1_32' title='bbox 928 667 1064 748; x_wconf 81' lang='lat' dir='ltr'>pedestre</span> <span class='ocrx_word' id='word_1_33' title='bbox 1080 685 1156 748; x_wconf 89' lang='lat' dir='ltr'><strong>opus</strong></span> <span class='ocrx_word' id='word_1_34' title='bbox 1172 668 1318 729; x_wconf 87' lang='lat' dir='ltr'><strong>conderet</strong></span> 
     </span>
     <span class='ocr_line' id='line_1_5' title="bbox 169 767 1317 850; baseline -0.002 -19"><span class='ocrx_word' id='word_1_35' title='bbox 169 769 298 831; x_wconf 89' lang='lat' dir='ltr'><strong>accidere</strong></span> <span class='ocrx_word' id='word_1_36' title='bbox 312 787 382 832; x_wconf 90' lang='lat' dir='ltr'><strong>sane</strong></span> <span class='ocrx_word' id='word_1_37' title='bbox 396 775 519 850; x_wconf 84' lang='lat' dir='ltr'><strong>poterat.</strong></span> <span class='ocrx_word' id='word_1_38' title='bbox 565 769 671 841; x_wconf 83' lang='lat' dir='ltr'><strong>Quem,</strong></span> <span class='ocrx_word' id='word_1_39' title='bbox 698 768 807 849; x_wconf 87' lang='lat' dir='ltr'><strong>quippe</strong></span> <span class='ocrx_word' id='word_1_40' title='bbox 821 767 857 830; x_wconf 92' lang='lat' dir='ltr'><strong>ab</strong></span> <span class='ocrx_word' id='word_1_41' title='bbox 872 767 1030 830; x_wconf 89' lang='lat' dir='ltr'><strong>llomerico</strong></span> <span class='ocrx_word' id='word_1_42' title='bbox 1046 767 1207 841; x_wconf 88' lang='lat' dir='ltr'><strong>diversum,</strong></span> <span class='ocrx_word' id='word_1_43' title='bbox 1235 767 1317 848; x_wconf 87' lang='lat' dir='ltr'><strong>quod</strong></span> 
     </span>
     <span class='ocr_line' id='line_1_6' title="bbox 168 865 1316 947; baseline -0.003 -16"><span class='ocrx_word' id='word_1_44' title='bbox 168 869 322 931; x_wconf 77' lang='lat' dir='ltr'><strong>Mauritius</strong></span> <span class='ocrx_word' id='word_1_45' title='bbox 335 868 515 930; x_wconf 88' lang='lat' dir='ltr'><strong>Schmidtius</strong></span> <span class='ocrx_word' id='word_1_46' title='bbox 530 867 561 928; x_wconf 94' lang='lat' dir='ltr'><strong>in</strong></span> <span class='ocrx_word' id='word_1_47' title='bbox 577 867 721 946; x_wconf 93' lang='lat' dir='ltr'><strong>Philologi</strong></span> <span class='ocrx_word' id='word_1_48' title='bbox 736 873 808 928; x_wconf 88' lang='lat' dir='ltr'><strong>tom.</strong></span> <span class='ocrx_word' id='word_1_49' title='bbox 820 867 857 928; x_wconf 94' lang='lat' dir='ltr'><strong>lll</strong></span> <span class='ocrx_word' id='word_1_50' title='bbox 873 866 923 929; x_wconf 95' lang='lat' dir='ltr'><strong>ubi</strong></span> <span class='ocrx_word' id='word_1_51' title='bbox 939 866 975 928; x_wconf 92' lang='lat' dir='ltr'><strong>de</strong></span> <span class='ocrx_word' id='word_1_52' title='bbox 986 866 1116 929; x_wconf 89' lang='lat' dir='ltr'><strong>Seleuois</strong></span> <span class='ocrx_word' id='word_1_53' title='bbox 1130 866 1193 947; x_wconf 89' lang='lat' dir='ltr'><strong>egit</strong></span> <span class='ocrx_word' id='word_1_54' title='bbox 1208 865 1316 928; x_wconf 87' lang='lat' dir='ltr'><strong>Seleu-</strong></span> 
     </span>
     <span class='ocr_line' id='line_1_7' title="bbox 168 964 1317 1046; baseline -0.003 -16"><span class='ocrx_word' id='word_1_55' title='bbox 168 986 235 1030; x_wconf 85' lang='lat' dir='ltr'><strong>cum</strong></span> <span class='ocrx_word' id='word_1_56' title='bbox 261 968 487 1046; x_wconf 83' lang='lat' dir='ltr'><strong>grammaticum</strong></span> <span class='ocrx_word' id='word_1_57' title='bbox 514 966 613 1028; x_wconf 78' lang='lat' dir='ltr'>Tiberi</span> <span class='ocrx_word' id='word_1_58' title='bbox 634 966 820 1046; x_wconf 86' lang='lat' dir='ltr'><strong>imperatoris</strong></span> <span class='ocrx_word' id='word_1_59' title='bbox 836 964 1034 1028; x_wconf 77' lang='lat' dir='ltr'><strong>convictorem</strong></span> <span class='ocrx_word' id='word_1_60' title='bbox 1058 966 1232 1043; x_wconf 81' lang='lat' dir='ltr'><strong>graeculum</strong></span> <span class='ocrx_word' id='word_1_61' title='bbox 1250 984 1317 1026; x_wconf 88' lang='lat' dir='ltr'><strong>csse</strong></span> 
     </span>
     <span class='ocr_line' id='line_1_8' title="bbox 168 1064 1318 1147; baseline -0.003 -19"><span class='ocrx_word' id='word_1_62' title='bbox 168 1067 343 1130; x_wconf 89' lang='lat' dir='ltr'><strong>coniectavit</strong></span> <span class='ocrx_word' id='word_1_63' title='bbox 359 1069 399 1147; x_wconf 87' lang='lat' dir='ltr'><strong>(p.</strong></span> <span class='ocrx_word' id='word_1_64' title='bbox 413 1066 491 1142; x_wconf 80' lang='lat'><strong>4433</strong></span> <span class='ocrx_word' id='word_1_65' title='bbox 506 1066 542 1127; x_wconf 86' lang='lat' dir='ltr'><strong>of.</strong></span> <span class='ocrx_word' id='word_1_66' title='bbox 556 1066 678 1128; x_wconf 90' lang='lat' dir='ltr'><strong>Sueton.</strong></span> <span class='ocrx_word' id='word_1_67' title='bbox 690 1065 755 1127; x_wconf 89' lang='lat' dir='ltr'><strong>Tib.</strong></span> <span class='ocrx_word' id='word_1_68' title='bbox 768 1064 830 1141; x_wconf 81' lang='grc'>56),</span> <span class='ocrx_word' id='word_1_69' title='bbox 846 1065 935 1126; x_wconf 87' lang='lat' dir='ltr'><strong>fidem</strong></span> <span class='ocrx_word' id='word_1_70' title='bbox 949 1065 1000 1126; x_wconf 90' lang='lat' dir='ltr'><strong>tali</strong></span> <span class='ocrx_word' id='word_1_71' title='bbox 1016 1064 1200 1127; x_wconf 86' lang='lat' dir='ltr'><strong>coniecturae</strong></span> <span class='ocrx_word' id='word_1_72' title='bbox 1216 1082 1318 1145; x_wconf 86' lang='lat' dir='ltr'><strong>neque</strong></span> 
     </span>
     <span class='ocr_line' id='line_1_9' title="bbox 166 1163 1316 1247; baseline -0.003 -19"><span class='ocrx_word' id='word_1_73' title='bbox 166 1185 290 1247; x_wconf 90' lang='lat' dir='ltr'><strong>prorsus</strong></span> <span class='ocrx_word' id='word_1_74' title='bbox 305 1164 413 1228; x_wconf 89' lang='lat' dir='ltr'><strong>habere</strong></span> <span class='ocrx_word' id='word_1_75' title='bbox 429 1183 526 1244; x_wconf 91' lang='lat' dir='ltr'><strong>neque</strong></span> <span class='ocrx_word' id='word_1_76' title='bbox 545 1182 614 1226; x_wconf 89' lang='lat' dir='ltr'><strong>vero</strong></span> <span class='ocrx_word' id='word_1_77' title='bbox 641 1164 780 1244; x_wconf 86' lang='lat' dir='ltr'><strong>derogare</strong></span> <span class='ocrx_word' id='word_1_78' title='bbox 805 1163 910 1226; x_wconf 86' lang='lat' dir='ltr'><strong>ausim.</strong></span> <span class='ocrx_word' id='word_1_79' title='bbox 951 1164 981 1226; x_wconf 87' lang='lat' dir='ltr'><strong>si</strong></span> <span class='ocrx_word' id='word_1_80' title='bbox 1007 1164 1107 1237; x_wconf 74' lang='lat' dir='ltr'><strong>stabit,</strong></span> <span class='ocrx_word' id='word_1_81' title='bbox 1132 1163 1227 1226; x_wconf 87' lang='lat' dir='ltr'><strong>habes</strong></span> <span class='ocrx_word' id='word_1_82' title='bbox 1254 1164 1316 1226; x_wconf 91' lang='lat' dir='ltr'><strong>iam</strong></span> 
     </span>
     <span class='ocr_line' id='line_1_10' title="bbox 166 1256 1317 1344; baseline -0.001 -18"><span class='ocrx_word' id='word_1_83' title='bbox 166 1285 234 1328; x_wconf 90' lang='lat' dir='ltr'><strong>ecce</strong></span> <span class='ocrx_word' id='word_1_84' title='bbox 249 1265 390 1327; x_wconf 85' lang='lat' dir='ltr'><strong>maritimi</strong></span> <span class='ocrx_word' id='word_1_85' title='bbox 406 1264 572 1344; x_wconf 89' lang='lat' dir='ltr'><strong>argumenti</strong></span> <span class='ocrx_word' id='word_1_86' title='bbox 595 1269 784 1325; x_wconf 83' lang='lat' dir='ltr'><strong>tractatorem</strong></span> <span class='ocrx_word' id='word_1_87' title='bbox 799 1256 872 1324; x_wconf 83' lang='lat' dir='ltr'><strong>falso</strong></span> <span class='ocrx_word' id='word_1_88' title='bbox 888 1261 991 1326; x_wconf 79' lang='lat' dir='ltr'><strong>Ouidio</strong></span> <span class='ocrx_word' id='word_1_89' title='bbox 1017 1263 1118 1324; x_wconf 86' lang='lat' dir='ltr'><strong>statim</strong></span> <span class='ocrx_word' id='word_1_90' title='bbox 1143 1263 1198 1342; x_wconf 89' lang='lat' dir='ltr'><strong>qui</strong></span> <span class='ocrx_word' id='word_1_91' title='bbox 1223 1271 1317 1325; x_wconf 90' lang='lat' dir='ltr'><strong>ante-</strong></span> 
     </span>
     <span class='ocr_line' id='line_1_11' title="bbox 167 1360 1317 1445; baseline -0.001 -19"><span class='ocrx_word' id='word_1_92' title='bbox 167 1365 298 1427; x_wconf 89' lang='lat' dir='ltr'><strong>cesserit.</strong></span> <span class='ocrx_word' id='word_1_93' title='bbox 342 1366 380 1426; x_wconf 87' lang='lat' dir='ltr'><strong>Et</strong></span> <span class='ocrx_word' id='word_1_94' title='bbox 406 1364 526 1445; x_wconf 93' lang='lat' dir='ltr'><strong>quidem</strong></span> <span class='ocrx_word' id='word_1_95' title='bbox 553 1371 694 1444; x_wconf 92' lang='lat' dir='ltr'><strong>quattuor</strong></span> <span class='ocrx_word' id='word_1_96' title='bbox 724 1381 784 1424; x_wconf 93' lang='lat' dir='ltr'><strong>non</strong></span> <span class='ocrx_word' id='word_1_97' title='bbox 810 1361 911 1423; x_wconf 93' lang='lat' dir='ltr'><strong>minus</strong></span> <span class='ocrx_word' id='word_1_98' title='bbox 941 1360 1031 1423; x_wconf 92' lang='lat' dir='ltr'><strong>libros</strong></span> <span class='ocrx_word' id='word_1_99' title='bbox 1059 1362 1117 1423; x_wconf 92' lang='lat' dir='ltr'><strong>iste</strong></span> <span class='ocrx_word' id='word_1_100' title='bbox 1146 1361 1317 1442; x_wconf 88' lang='lat' dir='ltr'><strong>complerat</strong></span> 
     </span>
     <span class='ocr_line' id='line_1_12' title="bbox 166 1449 1317 1544; baseline -0.003 -17"><span class='ocrx_word' id='word_1_101' title='bbox 166 1473 200 1528; x_wconf 88' lang='lat' dir='ltr'><strong>ut</strong></span> <span class='ocrx_word' id='word_1_102' title='bbox 227 1465 285 1527; x_wconf 90' lang='lat' dir='ltr'><strong>iarn</strong></span> <span class='ocrx_word' id='word_1_103' title='bbox 316 1463 500 1544; x_wconf 87' lang='lat' dir='ltr'><strong>Oppianeum</strong></span> <span class='ocrx_word' id='word_1_104' title='bbox 541 1481 616 1543; x_wconf 92' lang='lat' dir='ltr'><strong>opus</strong></span> <span class='ocrx_word' id='word_1_105' title='bbox 645 1479 707 1523; x_wconf 94' lang='lat' dir='ltr'><strong>non</strong></span> <span class='ocrx_word' id='word_1_106' title='bbox 748 1461 836 1523; x_wconf 89' lang='lat' dir='ltr'><strong>nimis</strong></span> <span class='ocrx_word' id='word_1_107' title='bbox 872 1449 1089 1541; x_wconf 83' lang='lat' dir='ltr'><strong>inexpectatum</strong></span> <span class='ocrx_word' id='word_1_108' title='bbox 1126 1461 1317 1523; x_wconf 80' lang='lat' dir='ltr'><strong>succederet.</strong></span> 
     </span>
     <span class='ocr_line' id='line_1_13' title="bbox 166 1557 1315 1642; baseline -0.003 -17"><span class='ocrx_word' id='word_1_109' title='bbox 166 1564 250 1636; x_wconf 88' lang='lat' dir='ltr'><strong>Quod</strong></span> <span class='ocrx_word' id='word_1_110' title='bbox 285 1582 352 1625; x_wconf 90' lang='lat' dir='ltr'><strong>vero</strong></span> <span class='ocrx_word' id='word_1_111' title='bbox 390 1562 479 1625; x_wconf 86' lang='lat' dir='ltr'><strong>etiam</strong></span> <span class='ocrx_word' id='word_1_112' title='bbox 507 1557 669 1642; x_wconf 71' lang='lat' dir='ltr'><strong>liupdrud</strong></span> <span class='ocrx_word' id='word_1_113' title='bbox 694 1559 849 1641; x_wconf 87' lang='lat' dir='ltr'><strong>scripsisse</strong></span> <span class='ocrx_word' id='word_1_114' title='bbox 879 1560 1019 1623; x_wconf 87' lang='lat' dir='ltr'><strong>Seleucus</strong></span> <span class='ocrx_word' id='word_1_115' title='bbox 1049 1562 1156 1633; x_wconf 73' lang='lat' dir='ltr'><strong>lerum,</strong></span> <span class='ocrx_word' id='word_1_116' title='bbox 1189 1560 1315 1623; x_wconf 88' lang='lat' dir='ltr'><strong>alteram</strong></span> 
     </span>
     <span class='ocr_line' id='line_1_14' title="bbox 166 1657 1315 1743; baseline -0.003 -19"><span class='ocrx_word' id='word_1_117' title='bbox 166 1662 263 1743; x_wconf 89' lang='lat' dir='ltr'><strong>operis</strong></span> <span class='ocrx_word' id='word_1_118' title='bbox 292 1661 516 1742; x_wconf 86' lang='lat' dir='ltr'><strong>inscriptionem</strong></span> <span class='ocrx_word' id='word_1_119' title='bbox 546 1661 645 1723; x_wconf 92' lang='lat' dir='ltr'><strong>nescio</strong></span> <span class='ocrx_word' id='word_1_120' title='bbox 673 1678 745 1721; x_wconf 91' lang='lat' dir='ltr'><strong>num</strong></span> <span class='ocrx_word' id='word_1_121' title='bbox 773 1679 809 1721; x_wconf 88' lang='lat' dir='ltr'><strong>ex</strong></span> <span class='ocrx_word' id='word_1_122' title='bbox 833 1657 911 1721; x_wconf 89' lang='lat' dir='ltr'><strong>varia</strong></span> <span class='ocrx_word' id='word_1_123' title='bbox 938 1658 1046 1721; x_wconf 88' lang='lat' dir='ltr'><strong>Suidae</strong></span> <span class='ocrx_word' id='word_1_124' title='bbox 1069 1658 1198 1721; x_wconf 87' lang='lat' dir='ltr'><strong>lectione</strong></span> <span class='ocrx_word' id='word_1_125' title='bbox 1226 1680 1315 1742; x_wconf 80' lang='grc' dir='ltr'><strong><em>παρ-</em></strong></span> 
     </span>
     <span class='ocr_line' id='line_1_15' title="bbox 165 1753 1315 1840; baseline -0.001 -19"><span class='ocrx_word' id='word_1_126' title='bbox 165 1757 287 1823; x_wconf 69' lang='grc' dir='ltr'><strong><em>θενικά</em></strong></span> <span class='ocrx_word' id='word_1_127' title='bbox 311 1762 453 1823; x_wconf 79' lang='lat' dir='ltr'><strong>extricare</strong></span> <span class='ocrx_word' id='word_1_128' title='bbox 479 1761 572 1831; x_wconf 88' lang='lat' dir='ltr'><strong>liceat,</strong></span> <span class='ocrx_word' id='word_1_129' title='bbox 599 1759 708 1840; x_wconf 91' lang='lat' dir='ltr'><strong>quippe</strong></span> <span class='ocrx_word' id='word_1_130' title='bbox 734 1753 972 1839; x_wconf 78' lang='grc' dir='ltr'><strong><em>παρθονικικά,</em></strong></span> <span class='ocrx_word' id='word_1_131' title='bbox 999 1756 1133 1838; x_wconf 73' lang='lat' dir='ltr'><strong>quamuis</strong></span> <span class='ocrx_word' id='word_1_132' title='bbox 1158 1755 1315 1821; x_wconf 89' lang='lat' dir='ltr'><strong>Lucianus</strong></span> 
     </span>
     <span class='ocr_line' id='line_1_16' title="bbox 164 1855 809 1940; baseline -0.005 -20"><span class='ocrx_word' id='word_1_133' title='bbox 164 1860 257 1923; x_wconf 87' lang='lat' dir='ltr'><strong>rideat</strong></span> <span class='ocrx_word' id='word_1_134' title='bbox 271 1860 322 1940; x_wconf 85' lang='lat' dir='ltr'><strong>(cf.</strong></span> <span class='ocrx_word' id='word_1_135' title='bbox 338 1859 457 1921; x_wconf 89' lang='lat' dir='ltr'><strong>Luciani</strong></span> <span class='ocrx_word' id='word_1_136' title='bbox 473 1859 509 1921; x_wconf 90' lang='lat' dir='ltr'><strong>de</strong></span> <span class='ocrx_word' id='word_1_137' title='bbox 523 1859 610 1921; x_wconf 89' lang='lat' dir='ltr'><strong>scrib.</strong></span> <span class='ocrx_word' id='word_1_138' title='bbox 628 1859 729 1920; x_wconf 89' lang='lat' dir='ltr'><strong>histor.</strong></span> <span class='ocrx_word' id='word_1_139' title='bbox 747 1855 809 1937; x_wconf 76' lang='lat'><strong>32).</strong></span> 
     </span>
    </p>

    <p class='ocr_par' dir='ltr' id='par_1_3' title="bbox 165 1956 1314 2136">
     <span class='ocr_line' id='line_1_17' title="bbox 249 1956 1314 2039; baseline -0.001 -19"><span class='ocrx_word' id='word_1_140' title='bbox 249 1960 344 2039; x_wconf 80' lang='lat' dir='ltr'><strong>Atque</strong></span> <span class='ocrx_word' id='word_1_141' title='bbox 370 1959 416 2020; x_wconf 94' lang='lat' dir='ltr'><strong>his</strong></span> <span class='ocrx_word' id='word_1_142' title='bbox 441 1958 580 2021; x_wconf 89' lang='lat' dir='ltr'><strong>omnibus</strong></span> <span class='ocrx_word' id='word_1_143' title='bbox 600 1957 626 2019; x_wconf 94' lang='lat' dir='ltr'><strong>si</strong></span> <span class='ocrx_word' id='word_1_144' title='bbox 648 1957 720 2018; x_wconf 94' lang='lat' dir='ltr'><strong>nihil</strong></span> <span class='ocrx_word' id='word_1_145' title='bbox 735 1956 823 2029; x_wconf 88' lang='lat' dir='ltr'><strong>aliud,</strong></span> <span class='ocrx_word' id='word_1_146' title='bbox 851 1957 880 2017; x_wconf 96' lang='lat' dir='ltr'><strong>id</strong></span> <span class='ocrx_word' id='word_1_147' title='bbox 906 1967 1006 2018; x_wconf 89' lang='lat' dir='ltr'><strong>tameo</strong></span> <span class='ocrx_word' id='word_1_148' title='bbox 1022 1956 1139 2018; x_wconf 87' lang='lat' dir='ltr'><strong>abunde</strong></span> <span class='ocrx_word' id='word_1_149' title='bbox 1156 1958 1314 2029; x_wconf 87' lang='lat' dir='ltr'><strong>evicimus,</strong></span> 
     </span>
     <span class='ocr_line' id='line_1_18' title="bbox 165 2054 1312 2136; baseline -0.002 -17"><span class='ocrx_word' id='word_1_150' title='bbox 165 2076 226 2118; x_wconf 92' lang='lat' dir='ltr'><strong>non</strong></span> <span class='ocrx_word' id='word_1_151' title='bbox 252 2077 335 2119; x_wconf 91' lang='lat' dir='ltr'><strong>suam</strong></span> <span class='ocrx_word' id='word_1_152' title='bbox 356 2057 441 2119; x_wconf 87' lang='lat' dir='ltr'><strong>Ovidi</strong></span> <span class='ocrx_word' id='word_1_153' title='bbox 461 2057 663 2119; x_wconf 89' lang='lat' dir='ltr'><strong>simulatorem</strong></span> <span class='ocrx_word' id='word_1_154' title='bbox 685 2057 763 2136; x_wconf 90' lang='lat' dir='ltr'><strong>quod</strong></span> <span class='ocrx_word' id='word_1_155' title='bbox 780 2054 893 2117; x_wconf 91' lang='lat' dir='ltr'><strong>Plinius</strong></span> <span class='ocrx_word' id='word_1_156' title='bbox 918 2056 1076 2118; x_wconf 88' lang='lat' dir='ltr'><strong>somniavit</strong></span> <span class='ocrx_word' id='word_1_157' title='bbox 1102 2054 1155 2117; x_wconf 90' lang='lat' dir='ltr'><strong>sed</strong></span> <span class='ocrx_word' id='word_1_158' title='bbox 1182 2055 1312 2118; x_wconf 90' lang='lat' dir='ltr'><strong>aliorum</strong></span> 
     </span>
    </p>
   </div>
   <div class='ocr_carea' id='block_1_3' title="bbox 165 2155 840 2237">
    <p class='ocr_par' dir='ltr' id='par_1_4' title="bbox 165 2155 840 2237">
     <span class='ocr_line' id='line_1_19' title="bbox 165 2155 840 2237; baseline 0 -21"><span class='ocrx_word' id='word_1_159' title='bbox 165 2156 328 2220; x_wconf 90' lang='lat' dir='ltr'><strong>doctrinam</strong></span> <span class='ocrx_word' id='word_1_160' title='bbox 343 2156 405 2219; x_wconf 92' lang='lat' dir='ltr'><strong>suis</strong></span> <span class='ocrx_word' id='word_1_161' title='bbox 421 2156 683 2237; x_wconf 90' lang='lat' dir='ltr'><strong>comprehendisse</strong></span> <span class='ocrx_word' id='word_1_162' title='bbox 698 2155 840 2217; x_wconf 83' lang='lat' dir='ltr'><strong>versibus.</strong></span> 
     </span>
    </p>
   </div>
   <div class='ocr_carea' id='block_1_4' title="bbox 713 2416 761 2478">
    <p class='ocr_par' dir='ltr' id='par_1_5' title="bbox 713 2416 761 2478">
     <span class='ocr_line' id='line_1_20' title="bbox 713 2416 761 2478; baseline -0.021 0"><span class='ocrx_word' id='word_1_163' title='bbox 713 2416 761 2478; x_wconf 86' lang='lat' dir='ltr'><strong>lX.</strong></span> 
     </span>
    </p>
   </div>
   <div class='ocr_carea' id='block_1_5' title="bbox 154 2553 1310 4525">
    <p class='ocr_par' dir='ltr' id='par_1_6' title="bbox 154 2553 1310 4525">
     <span class='ocr_line' id='line_1_21' title="bbox 248 2553 1307 2636; baseline 0.002 -17"><span class='ocrx_word' id='word_1_164' title='bbox 248 2558 308 2620; x_wconf 90' lang='lat' dir='ltr'><strong>lam</strong></span> <span class='ocrx_word' id='word_1_165' title='bbox 324 2575 393 2619; x_wconf 83' lang='lat' dir='ltr'><strong>vero</strong></span> <span class='ocrx_word' id='word_1_166' title='bbox 408 2555 443 2618; x_wconf 91' lang='lat' dir='ltr'><strong>ad</strong></span> <span class='ocrx_word' id='word_1_167' title='bbox 460 2555 587 2619; x_wconf 91' lang='lat' dir='ltr'><strong>Plinium</strong></span> <span class='ocrx_word' id='word_1_168' title='bbox 603 2556 734 2619; x_wconf 91' lang='lat' dir='ltr'><strong>animum</strong></span> <span class='ocrx_word' id='word_1_169' title='bbox 751 2555 921 2635; x_wconf 86' lang='lat' dir='ltr'><strong>dirigamus.</strong></span> <span class='ocrx_word' id='word_1_170' title='bbox 952 2554 988 2617; x_wconf 81' lang='lat' dir='ltr'><strong>Et</strong></span> <span class='ocrx_word' id='word_1_171' title='bbox 1003 2553 1122 2636; x_wconf 89' lang='lat' dir='ltr'><strong>quidem</strong></span> <span class='ocrx_word' id='word_1_172' title='bbox 1138 2554 1174 2617; x_wconf 92' lang='lat' dir='ltr'><strong>ad</strong></span> <span class='ocrx_word' id='word_1_173' title='bbox 1192 2574 1307 2621; x_wconf 84' lang='lat' dir='ltr'><strong>nonunt</strong></span> 
     </span>
     <span class='ocr_line' id='line_1_22' title="bbox 164 2653 1309 2736; baseline 0.002 -18"><span class='ocrx_word' id='word_1_174' title='bbox 164 2657 271 2720; x_wconf 90' lang='lat' dir='ltr'><strong>librum</strong></span> <span class='ocrx_word' id='word_1_175' title='bbox 306 2656 544 2736; x_wconf 91' lang='lat' dir='ltr'><strong>componendum</strong></span> <span class='ocrx_word' id='word_1_176' title='bbox 580 2657 715 2719; x_wconf 92' lang='lat' dir='ltr'><strong>nondum</strong></span> <span class='ocrx_word' id='word_1_177' title='bbox 750 2655 934 2718; x_wconf 90' lang='lat' dir='ltr'><strong>consuluisse</strong></span> <span class='ocrx_word' id='word_1_178' title='bbox 965 2655 1092 2719; x_wconf 87' lang='lat' dir='ltr'><strong>Plinium</strong></span> <span class='ocrx_word' id='word_1_179' title='bbox 1126 2653 1309 2720; x_wconf 77' lang='lat' dir='ltr'><strong>Ouidianum</strong></span> 
     </span>
     <span class='ocr_line' id='line_1_23' title="bbox 163 2754 1310 2839; baseline -0.001 -20"><span class='ocrx_word' id='word_1_180' title='bbox 163 2775 278 2839; x_wconf 89' lang='lat' dir='ltr'><strong>poema,</strong></span> <span class='ocrx_word' id='word_1_181' title='bbox 298 2756 350 2818; x_wconf 93' lang='lat' dir='ltr'><strong>sed</strong></span> <span class='ocrx_word' id='word_1_182' title='bbox 365 2755 401 2817; x_wconf 89' lang='lat' dir='ltr'><strong>ad</strong></span> <span class='ocrx_word' id='word_1_183' title='bbox 417 2755 524 2819; x_wconf 89' lang='lat' dir='ltr'><strong>librum</strong></span> <span class='ocrx_word' id='word_1_184' title='bbox 542 2755 664 2817; x_wconf 90' lang='lat' dir='ltr'><strong>demum</strong></span> <span class='ocrx_word' id='word_1_185' title='bbox 684 2754 869 2817; x_wconf 88' lang='lat' dir='ltr'><strong>tricesimum</strong></span> <span class='ocrx_word' id='word_1_186' title='bbox 890 2755 1016 2817; x_wconf 88' lang='lat' dir='ltr'><strong>alterum</strong></span> <span class='ocrx_word' id='word_1_187' title='bbox 1032 2755 1105 2818; x_wconf 88' lang='lat' dir='ltr'><strong>adeo</strong></span> <span class='ocrx_word' id='word_1_188' title='bbox 1121 2755 1248 2835; x_wconf 91' lang='lat' dir='ltr'><strong>planum</strong></span> <span class='ocrx_word' id='word_1_189' title='bbox 1265 2768 1310 2821; x_wconf 86' lang='lat' dir='ltr'><strong>ost</strong></span> 
     </span>
     <span class='ocr_line' id='line_1_24' title="bbox 162 2853 1309 2935; baseline 0.002 -17"><span class='ocrx_word' id='word_1_190' title='bbox 162 2864 251 2918; x_wconf 84' lang='lat' dir='ltr'><strong>etex</strong></span> <span class='ocrx_word' id='word_1_191' title='bbox 276 2854 390 2916; x_wconf 90' lang='lat' dir='ltr'><strong>ratione</strong></span> <span class='ocrx_word' id='word_1_192' title='bbox 417 2872 474 2934; x_wconf 91' lang='lat' dir='ltr'><strong>qua</strong></span> <span class='ocrx_word' id='word_1_193' title='bbox 500 2854 549 2916; x_wconf 90' lang='lat' dir='ltr'><strong>hic</strong></span> <span class='ocrx_word' id='word_1_194' title='bbox 574 2853 726 2916; x_wconf 91' lang='lat' dir='ltr'><strong>inducitur</strong></span> <span class='ocrx_word' id='word_1_195' title='bbox 751 2862 781 2916; x_wconf 92' lang='lat' dir='ltr'><strong>et</strong></span> <span class='ocrx_word' id='word_1_196' title='bbox 806 2853 876 2916; x_wconf 93' lang='lat' dir='ltr'><strong>inde</strong></span> <span class='ocrx_word' id='word_1_197' title='bbox 902 2856 981 2935; x_wconf 89' lang='lat' dir='ltr'><strong>quod</strong></span> <span class='ocrx_word' id='word_1_198' title='bbox 1007 2872 1045 2918; x_wconf 85' lang='lat' dir='ltr'><strong>ne</strong></span> <span class='ocrx_word' id='word_1_199' title='bbox 1064 2854 1143 2918; x_wconf 87' lang='lat' dir='ltr'><strong>inter</strong></span> <span class='ocrx_word' id='word_1_200' title='bbox 1169 2866 1309 2935; x_wconf 86' lang='lat' dir='ltr'><strong>auctores</strong></span> 
     </span>
     <span class='ocr_line' id='line_1_25' title="bbox 160 2952 1308 3035; baseline 0.003 -19"><span class='ocrx_word' id='word_1_201' title='bbox 160 2953 279 3035; x_wconf 90' lang='lat' dir='ltr'><strong>quidem</strong></span> <span class='ocrx_word' id='word_1_202' title='bbox 309 2952 376 3015; x_wconf 93' lang='lat' dir='ltr'><strong>libri</strong></span> <span class='ocrx_word' id='word_1_203' title='bbox 406 2953 479 3015; x_wconf 90' lang='lat' dir='ltr'><strong>noni</strong></span> <span class='ocrx_word' id='word_1_204' title='bbox 508 2953 623 3033; x_wconf 91' lang='lat' dir='ltr'><strong>positus</strong></span> <span class='ocrx_word' id='word_1_205' title='bbox 653 2962 711 3028; x_wconf 89' lang='lat' dir='ltr'><strong>est,</strong></span> <span class='ocrx_word' id='word_1_206' title='bbox 746 2962 780 3015; x_wconf 90' lang='lat' dir='ltr'><strong>ut</strong></span> <span class='ocrx_word' id='word_1_207' title='bbox 808 2953 1007 3016; x_wconf 86' lang='lat' dir='ltr'><strong>instituendae</strong></span> <span class='ocrx_word' id='word_1_208' title='bbox 1036 2953 1108 3017; x_wconf 92' lang='lat' dir='ltr'><strong>noni</strong></span> <span class='ocrx_word' id='word_1_209' title='bbox 1138 2953 1210 3017; x_wconf 85' lang='lat' dir='ltr'><strong>libri</strong></span> <span class='ocrx_word' id='word_1_210' title='bbox 1239 2974 1308 3019; x_wconf 89' lang='lat' dir='ltr'><strong>cum</strong></span> 
     </span>
     <span class='ocr_line' id='line_1_26' title="bbox 159 3052 1307 3135; baseline 0.001 -20"><span class='ocrx_word' id='word_1_211' title='bbox 159 3061 294 3135; x_wconf 88' lang='lat' dir='ltr'><strong>poemate</strong></span> <span class='ocrx_word' id='word_1_212' title='bbox 320 3052 535 3133; x_wconf 90' lang='lat' dir='ltr'><strong>comparationi</strong></span> <span class='ocrx_word' id='word_1_213' title='bbox 558 3053 688 3116; x_wconf 89' lang='lat' dir='ltr'><strong>chartam</strong></span> <span class='ocrx_word' id='word_1_214' title='bbox 715 3054 876 3116; x_wconf 87' lang='lat' dir='ltr'><strong>concedere</strong></span> <span class='ocrx_word' id='word_1_215' title='bbox 896 3054 1038 3129; x_wconf 84' lang='lat' dir='ltr'><strong>nohmus3</strong></span> <span class='ocrx_word' id='word_1_216' title='bbox 1065 3054 1090 3116; x_wconf 91' lang='lat' dir='ltr'><strong>si</strong></span> <span class='ocrx_word' id='word_1_217' title='bbox 1116 3054 1183 3135; x_wconf 92' lang='lat' dir='ltr'><strong>quis</strong></span> <span class='ocrx_word' id='word_1_218' title='bbox 1204 3062 1307 3118; x_wconf 87' lang='lat' dir='ltr'><strong>tamen</strong></span> 
     </span>
     <span class='ocr_line' id='line_1_27' title="bbox 159 3150 1304 3236; baseline 0 -22"><span class='ocrx_word' id='word_1_219' title='bbox 159 3150 286 3224; x_wconf 87' lang='lat' dir='ltr'><strong>dubitet,</strong></span> <span class='ocrx_word' id='word_1_220' title='bbox 313 3151 397 3215; x_wconf 90' lang='lat' dir='ltr'><strong>adeat</strong></span> <span class='ocrx_word' id='word_1_221' title='bbox 421 3171 495 3232; x_wconf 91' lang='lat' dir='ltr'><strong>quae</strong></span> <span class='ocrx_word' id='word_1_222' title='bbox 522 3152 558 3214; x_wconf 91' lang='lat' dir='ltr'><strong>de</strong></span> <span class='ocrx_word' id='word_1_223' title='bbox 584 3154 640 3214; x_wconf 91' lang='lat' dir='ltr'><strong>hac</strong></span> <span class='ocrx_word' id='word_1_224' title='bbox 665 3171 698 3215; x_wconf 87' lang='lat' dir='ltr'><strong>re</strong></span> <span class='ocrx_word' id='word_1_225' title='bbox 719 3153 886 3234; x_wconf 91' lang='lat' dir='ltr'><strong>composuit</strong></span> <span class='ocrx_word' id='word_1_226' title='bbox 900 3153 1032 3232; x_wconf 83' lang='lat' dir='ltr'><strong>Zingerle</strong></span> <span class='ocrx_word' id='word_1_227' title='bbox 1047 3153 1065 3215; x_wconf 92' lang='lat' dir='ltr'><strong>l.</strong></span> <span class='ocrx_word' id='word_1_228' title='bbox 1082 3153 1101 3214; x_wconf 94' lang='grc' dir='ltr'><strong>Ι.</strong></span> <span class='ocrx_word' id='word_1_229' title='bbox 1117 3171 1145 3233; x_wconf 90' lang='lat' dir='ltr'><strong>p.</strong></span> <span class='ocrx_word' id='word_1_230' title='bbox 1165 3153 1304 3236; x_wconf 79' lang='lat' dir='ltr'><strong>liAsqq.</strong></span> 
     </span>
     <span class='ocr_line' id='line_1_28' title="bbox 159 3249 1306 3336; baseline 0.005 -26"><span class='ocrx_word' id='word_1_231' title='bbox 159 3249 283 3312; x_wconf 91' lang='lat' dir='ltr'><strong>Planum</strong></span> <span class='ocrx_word' id='word_1_232' title='bbox 304 3249 394 3313; x_wconf 91' lang='lat' dir='ltr'><strong>simul</strong></span> <span class='ocrx_word' id='word_1_233' title='bbox 409 3260 455 3312; x_wconf 89' lang='lat' dir='ltr'><strong>est</strong></span> <span class='ocrx_word' id='word_1_234' title='bbox 470 3267 508 3312; x_wconf 92' lang='lat' dir='ltr'><strong>ne</strong></span> <span class='ocrx_word' id='word_1_235' title='bbox 524 3250 702 3332; x_wconf 83' lang='lat' dir='ltr'><strong>Chrysippea</strong></span> <span class='ocrx_word' id='word_1_236' title='bbox 726 3252 844 3332; x_wconf 87' lang='lat' dir='ltr'><strong>quidem</strong></span> <span class='ocrx_word' id='word_1_237' title='bbox 860 3253 987 3315; x_wconf 91' lang='lat' dir='ltr'><strong>Plinium</strong></span> <span class='ocrx_word' id='word_1_238' title='bbox 1014 3251 1167 3317; x_wconf 88' lang='lat' dir='ltr'><strong>lectitasse.</strong></span> <span class='ocrx_word' id='word_1_239' title='bbox 1199 3252 1306 3336; x_wconf 88' lang='lat' dir='ltr'><strong>Neque</strong></span> 
     </span>
     <span class='ocr_line' id='line_1_29' title="bbox 157 3349 1307 3436; baseline 0.003 -26"><span class='ocrx_word' id='word_1_240' title='bbox 157 3349 350 3436; x_wconf 87' lang='lat' dir='ltr'><strong>philosophus</strong></span> <span class='ocrx_word' id='word_1_241' title='bbox 377 3350 408 3411; x_wconf 93' lang='lat' dir='ltr'><strong>in</strong></span> <span class='ocrx_word' id='word_1_242' title='bbox 431 3356 586 3413; x_wconf 89' lang='lat' dir='ltr'><strong>auctorum</strong></span> <span class='ocrx_word' id='word_1_243' title='bbox 608 3350 671 3413; x_wconf 90' lang='lat' dir='ltr'><strong>eius</strong></span> <span class='ocrx_word' id='word_1_244' title='bbox 694 3351 839 3414; x_wconf 91' lang='lat' dir='ltr'><strong>indicibus</strong></span> <span class='ocrx_word' id='word_1_245' title='bbox 861 3351 959 3413; x_wconf 90' lang='lat' dir='ltr'><strong>locum</strong></span> <span class='ocrx_word' id='word_1_246' title='bbox 983 3351 1101 3432; x_wconf 89' lang='lat' dir='ltr'><strong>accepit.</strong></span> <span class='ocrx_word' id='word_1_247' title='bbox 1147 3349 1307 3416; x_wconf 88' lang='lat' dir='ltr'><strong>Omittitur</strong></span> 
     </span>
     <span class='ocr_line' id='line_1_30' title="bbox 158 3448 1305 3534; baseline 0.003 -24"><span class='ocrx_word' id='word_1_248' title='bbox 158 3457 258 3510; x_wconf 90' lang='lat' dir='ltr'><strong>autem</strong></span> <span class='ocrx_word' id='word_1_249' title='bbox 284 3469 299 3512; x_wconf 92' lang='lat' dir='ltr'><strong>a</strong></span> <span class='ocrx_word' id='word_1_250' title='bbox 325 3449 420 3512; x_wconf 91' lang='lat' dir='ltr'><strong>Plinio</strong></span> <span class='ocrx_word' id='word_1_251' title='bbox 446 3448 607 3512; x_wconf 90' lang='lat' dir='ltr'><strong>llalieutiea</strong></span> <span class='ocrx_word' id='word_1_252' title='bbox 634 3449 684 3513; x_wconf 91' lang='lat' dir='ltr'><strong>ubi</strong></span> <span class='ocrx_word' id='word_1_253' title='bbox 711 3450 839 3531; x_wconf 87' lang='lat' dir='ltr'><strong>excerpit</strong></span> <span class='ocrx_word' id='word_1_254' title='bbox 862 3450 980 3522; x_wconf 83' lang='lat' dir='ltr'><strong>(Xllilll</strong></span> <span class='ocrx_word' id='word_1_255' title='bbox 999 3450 1048 3527; x_wconf 79' lang='lat'><strong>12)</strong></span> <span class='ocrx_word' id='word_1_256' title='bbox 1074 3450 1228 3534; x_wconf 81' lang='lat' dir='ltr'><strong>polypus</strong></span> <span class='ocrx_word' id='word_1_257' title='bbox 1254 3451 1305 3534; x_wconf 91' lang='lat' dir='ltr'><strong>qui</strong></span> 
     </span>
     <span class='ocr_line' id='line_1_31' title="bbox 158 3548 1304 3631; baseline 0.004 -21"><span class='ocrx_word' id='word_1_258' title='bbox 158 3558 253 3611; x_wconf 91' lang='lat' dir='ltr'><strong>mutet</strong></span> <span class='ocrx_word' id='word_1_259' title='bbox 280 3550 409 3613; x_wconf 91' lang='lat' dir='ltr'><strong>colorem</strong></span> <span class='ocrx_word' id='word_1_260' title='bbox 435 3549 511 3630; x_wconf 89' lang='lat' dir='ltr'><strong>(Hal.</strong></span> <span class='ocrx_word' id='word_1_261' title='bbox 533 3548 602 3627; x_wconf 86' lang='grc'>33);</span> <span class='ocrx_word' id='word_1_262' title='bbox 639 3569 726 3631; x_wconf 91' lang='lat' dir='ltr'><strong>quam</strong></span> <span class='ocrx_word' id='word_1_263' title='bbox 762 3570 826 3612; x_wconf 91' lang='lat' dir='ltr'><strong>rem</strong></span> <span class='ocrx_word' id='word_1_264' title='bbox 853 3549 1038 3613; x_wconf 91' lang='lat' dir='ltr'><strong>tritissimam</strong></span> <span class='ocrx_word' id='word_1_265' title='bbox 1066 3569 1127 3613; x_wconf 93' lang='lat' dir='ltr'><strong>non</strong></span> <span class='ocrx_word' id='word_1_266' title='bbox 1164 3570 1200 3613; x_wconf 81' lang='lat' dir='ltr'><strong>ex</strong></span> <span class='ocrx_word' id='word_1_267' title='bbox 1238 3552 1304 3615; x_wconf 89' lang='lat' dir='ltr'><strong>istis</strong></span> 
     </span>
     <span class='ocr_line' id='line_1_32' title="bbox 157 3648 1303 3731; baseline 0.005 -23"><span class='ocrx_word' id='word_1_268' title='bbox 157 3648 269 3710; x_wconf 90' lang='lat' dir='ltr'><strong>hauriri</strong></span> <span class='ocrx_word' id='word_1_269' title='bbox 297 3650 429 3713; x_wconf 86' lang='lat' dir='ltr'><strong>lontibus</strong></span> <span class='ocrx_word' id='word_1_270' title='bbox 459 3668 581 3711; x_wconf 88' lang='lat' dir='ltr'><strong>necesse</strong></span> <span class='ocrx_word' id='word_1_271' title='bbox 609 3649 675 3724; x_wconf 85' lang='lat' dir='ltr'><strong>luit,</strong></span> <span class='ocrx_word' id='word_1_272' title='bbox 705 3668 802 3731; x_wconf 91' lang='lat' dir='ltr'><strong>neque</strong></span> <span class='ocrx_word' id='word_1_273' title='bbox 827 3649 895 3712; x_wconf 92' lang='lat' dir='ltr'><strong>ideo</strong></span> <span class='ocrx_word' id='word_1_274' title='bbox 924 3650 954 3711; x_wconf 93' lang='lat' dir='ltr'><strong>in</strong></span> <span class='ocrx_word' id='word_1_275' title='bbox 983 3668 1065 3713; x_wconf 93' lang='lat' dir='ltr'><strong>nono</strong></span> <span class='ocrx_word' id='word_1_276' title='bbox 1095 3650 1170 3713; x_wconf 92' lang='lat' dir='ltr'><strong>libro</strong></span> <span class='ocrx_word' id='word_1_277' title='bbox 1200 3650 1238 3713; x_wconf 89' lang='lat' dir='ltr'><strong>ab</strong></span> <span class='ocrx_word' id='word_1_278' title='bbox 1268 3670 1303 3714; x_wconf 89' lang='lat' dir='ltr'><strong>eo</strong></span> 
     </span>
     <span class='ocr_line' id='line_1_33' title="bbox 157 3747 1304 3831; baseline 0.006 -25"><span class='ocrx_word' id='word_1_279' title='bbox 157 3764 216 3808; x_wconf 95' lang='lat' dir='ltr'><strong>non</strong></span> <span class='ocrx_word' id='word_1_280' title='bbox 242 3748 337 3828; x_wconf 88' lang='lat' dir='ltr'><strong>posita</strong></span> <span class='ocrx_word' id='word_1_281' title='bbox 364 3755 409 3810; x_wconf 88' lang='lat' dir='ltr'><strong>est</strong></span> <span class='ocrx_word' id='word_1_282' title='bbox 423 3751 441 3823; x_wconf 61' lang='lat' dir='ltr'><strong>t</strong></span> <span class='ocrx_word' id='word_1_283' title='bbox 457 3747 497 3810; x_wconf 78' lang='lat'><strong>37</strong></span> <span class='ocrx_word' id='word_1_284' title='bbox 506 3767 514 3822; x_wconf 77' lang='lat'>3</span> <span class='ocrx_word' id='word_1_285' title='bbox 529 3748 673 3810; x_wconf 90' lang='lat' dir='ltr'><strong>nimirum</strong></span> <span class='ocrx_word' id='word_1_286' title='bbox 690 3759 719 3810; x_wconf 89' lang='lat' dir='ltr'><strong>et</strong></span> <span class='ocrx_word' id='word_1_287' title='bbox 733 3748 847 3812; x_wconf 88' lang='lat' dir='ltr'><strong>Plinius</strong></span> <span class='ocrx_word' id='word_1_288' title='bbox 864 3758 892 3811; x_wconf 86' lang='lat' dir='ltr'><strong>et</strong></span> <span class='ocrx_word' id='word_1_289' title='bbox 908 3749 1088 3831; x_wconf 85' lang='lat' dir='ltr'><strong>Chrysippus</strong></span> <span class='ocrx_word' id='word_1_290' title='bbox 1111 3749 1204 3813; x_wconf 86' lang='lat' dir='ltr'><strong>secuti</strong></span> <span class='ocrx_word' id='word_1_291' title='bbox 1231 3760 1304 3815; x_wconf 89' lang='lat' dir='ltr'><strong>sunt</strong></span> 
     </span>
     <span class='ocr_line' id='line_1_34' title="bbox 156 3846 1304 3931; baseline 0.006 -25"><span class='ocrx_word' id='word_1_292' title='bbox 156 3847 344 3911; x_wconf 83' lang='lat' dir='ltr'><strong>Aristotelem</strong></span> <span class='ocrx_word' id='word_1_293' title='bbox 367 3867 396 3928; x_wconf 93' lang='lat' dir='ltr'><strong>p.</strong></span> <span class='ocrx_word' id='word_1_294' title='bbox 419 3846 480 3909; x_wconf 80' lang='lat'><strong>622</strong></span> <span class='ocrx_word' id='word_1_295' title='bbox 501 3853 525 3909; x_wconf 92' lang='lat' dir='ltr'><strong>A</strong></span> <span class='ocrx_word' id='word_1_296' title='bbox 551 3848 589 3908; x_wconf 88' lang='grc'><strong>10</strong></span> <span class='ocrx_word' id='word_1_297' title='bbox 616 3851 671 3926; x_wconf 82' lang='lat' dir='ltr'><strong>(aar</strong></span> <span class='ocrx_word' id='word_1_298' title='bbox 696 3867 750 3930; x_wconf 85' lang='lat' dir='ltr'><strong>quo</strong></span> <span class='ocrx_word' id='word_1_299' title='bbox 773 3850 912 3931; x_wconf 77' lang='lat' dir='ltr'><strong>pleraque</strong></span> <span class='ocrx_word' id='word_1_300' title='bbox 941 3848 1013 3912; x_wconf 89' lang='lat' dir='ltr'><strong>dicit</strong></span> <span class='ocrx_word' id='word_1_301' title='bbox 1039 3848 1139 3913; x_wconf 88' lang='lat' dir='ltr'><strong>Cicero</strong></span> <span class='ocrx_word' id='word_1_302' title='bbox 1166 3854 1184 3927; x_wconf 60' lang='lat' dir='ltr'><strong>A</strong></span> <span class='ocrx_word' id='word_1_303' title='bbox 1212 3852 1304 3931; x_wconf 81' lang='lat' dir='ltr'><strong>12b);</strong></span> 
     </span>
     <span class='ocr_line' id='line_1_35' title="bbox 156 3946 1304 4033; baseline 0.005 -24"><span class='ocrx_word' id='word_1_304' title='bbox 156 3954 245 4027; x_wconf 88' lang='lat' dir='ltr'><strong>atque</strong></span> <span class='ocrx_word' id='word_1_305' title='bbox 271 3948 350 4028; x_wconf 92' lang='lat' dir='ltr'><strong>quod</strong></span> <span class='ocrx_word' id='word_1_306' title='bbox 380 3948 457 4029; x_wconf 91' lang='lat' dir='ltr'><strong>apud</strong></span> <span class='ocrx_word' id='word_1_307' title='bbox 484 3947 672 4011; x_wconf 77' lang='lat' dir='ltr'><strong>Aristotelem</strong></span> <span class='ocrx_word' id='word_1_308' title='bbox 703 3956 750 4010; x_wconf 89' lang='lat' dir='ltr'><strong>est</strong></span> <span class='ocrx_word' id='word_1_309' title='bbox 778 3946 943 4033; x_wconf 73' lang='grc' dir='ltr'><strong>φοβηθεὶς</strong></span> <span class='ocrx_word' id='word_1_310' title='bbox 973 3949 1085 4013; x_wconf 89' lang='lat' dir='ltr'><strong>Plinius</strong></span> <span class='ocrx_word' id='word_1_311' title='bbox 1115 3950 1247 4015; x_wconf 91' lang='lat' dir='ltr'><strong>reddidit</strong></span> <span class='ocrx_word' id='word_1_312' title='bbox 1271 3955 1304 4015; x_wconf 83' lang='lat' dir='ltr'><strong>io</strong></span> 
     </span>
     <span class='ocr_line' id='line_1_36' title="bbox 155 4044 1303 4129; baseline 0.008 -23"><span class='ocrx_word' id='word_1_313' title='bbox 155 4056 244 4119; x_wconf 84' lang='lat' dir='ltr'><strong>metu,</strong></span> <span class='ocrx_word' id='word_1_314' title='bbox 285 4054 372 4128; x_wconf 88' lang='lat' dir='ltr'><strong>poeta</strong></span> <span class='ocrx_word' id='word_1_315' title='bbox 406 4046 492 4109; x_wconf 87' lang='lat' dir='ltr'><strong>sicuti</strong></span> <span class='ocrx_word' id='word_1_316' title='bbox 527 4065 583 4109; x_wconf 93' lang='lat' dir='ltr'><strong>nos</strong></span> <span class='ocrx_word' id='word_1_317' title='bbox 618 4047 799 4110; x_wconf 88' lang='lat' dir='ltr'><strong>coniecimus</strong></span> <span class='ocrx_word' id='word_1_318' title='bbox 829 4066 958 4129; x_wconf 83' lang='lat' dir='ltr'><strong>pressus3</strong></span> <span class='ocrx_word' id='word_1_319' title='bbox 995 4056 1025 4110; x_wconf 91' lang='lat' dir='ltr'><strong>at</strong></span> <span class='ocrx_word' id='word_1_320' title='bbox 1061 4049 1148 4112; x_wconf 84' lang='lat' dir='ltr'><strong>rerba</strong></span> <span class='ocrx_word' id='word_1_321' title='bbox 1178 4044 1230 4124; x_wconf 72' lang='lat' dir='ltr'><strong>oie</strong></span> <span class='ocrx_word' id='word_1_322' title='bbox 1261 4047 1303 4115; x_wconf 78' lang='grc' dir='ltr'><strong>ἂν</strong></span> 
     </span>
     <span class='ocr_line' id='line_1_37' title="bbox 156 4140 1301 4230; baseline 0.005 -24"><span class='ocrx_word' id='word_1_323' title='bbox 156 4140 321 4229; x_wconf 74' lang='grc' dir='ltr'><strong>πλησιάζῃ</strong></span> <span class='ocrx_word' id='word_1_324' title='bbox 353 4142 468 4217; x_wconf 75' lang='grc' dir='ltr'><strong><em>λίθοις</em></strong></span> <span class='ocrx_word' id='word_1_325' title='bbox 504 4163 580 4207; x_wconf 91' lang='lat' dir='ltr'><strong>unus</strong></span> <span class='ocrx_word' id='word_1_326' title='bbox 610 4153 698 4229; x_wconf 89' lang='lat' dir='ltr'><strong>poeta</strong></span> <span class='ocrx_word' id='word_1_327' title='bbox 727 4146 858 4228; x_wconf 88' lang='lat' dir='ltr'><strong>repetiit:</strong></span> <span class='ocrx_word' id='word_1_328' title='bbox 893 4150 920 4208; x_wconf 75' lang='lat' dir='ltr'><strong>ea·</strong></span> <span class='ocrx_word' id='word_1_329' title='bbox 947 4164 1029 4227; x_wconf 85' lang='lat' dir='ltr'><strong>quem</strong></span> <span class='ocrx_word' id='word_1_330' title='bbox 1063 4149 1176 4230; x_wconf 80' lang='lat' dir='ltr'><strong>eootiyd</strong></span> <span class='ocrx_word' id='word_1_331' title='bbox 1205 4147 1301 4229; x_wconf 84' lang='lat' dir='ltr'><strong>(loco).</strong></span> 
     </span>
     <span class='ocr_line' id='line_1_38' title="bbox 154 4243 1302 4326; baseline 0.006 -20"><span class='ocrx_word' id='word_1_332' title='bbox 154 4243 265 4306; x_wconf 83' lang='lat' dir='ltr'><strong>Eadem</strong></span> <span class='ocrx_word' id='word_1_333' title='bbox 292 4245 328 4306; x_wconf 89' lang='lat' dir='ltr'><strong>de</strong></span> <span class='ocrx_word' id='word_1_334' title='bbox 347 4262 434 4306; x_wconf 90' lang='lat' dir='ltr'><strong>causa</strong></span> <span class='ocrx_word' id='word_1_335' title='bbox 456 4243 492 4305; x_wconf 90' lang='lat' dir='ltr'><strong>ab</strong></span> <span class='ocrx_word' id='word_1_336' title='bbox 514 4252 653 4326; x_wconf 87' lang='lat' dir='ltr'><strong>excerpto</strong></span> <span class='ocrx_word' id='word_1_337' title='bbox 678 4245 727 4307; x_wconf 91' lang='lat' dir='ltr'><strong>illo</strong></span> <span class='ocrx_word' id='word_1_338' title='bbox 754 4245 852 4326; x_wconf 90' lang='lat' dir='ltr'><strong>sepia</strong></span> <span class='ocrx_word' id='word_1_339' title='bbox 879 4244 960 4306; x_wconf 90' lang='lat' dir='ltr'><strong>abest</strong></span> <span class='ocrx_word' id='word_1_340' title='bbox 987 4264 1061 4326; x_wconf 87' lang='lat' dir='ltr'><strong>quae</strong></span> <span class='ocrx_word' id='word_1_341' title='bbox 1087 4244 1146 4308; x_wconf 89' lang='lat' dir='ltr'><strong>iam</strong></span> <span class='ocrx_word' id='word_1_342' title='bbox 1171 4248 1302 4314; x_wconf 82' lang='lat' dir='ltr'><strong>exhibita</strong></span> 
     </span>
     <span class='ocr_line' id='line_1_39' title="bbox 156 4340 1303 4431; baseline 0.01 -29"><span class='ocrx_word' id='word_1_343' title='bbox 156 4349 218 4403; x_wconf 90' lang='lat' dir='ltr'><strong>erat</strong></span> <span class='ocrx_word' id='word_1_344' title='bbox 232 4340 273 4403; x_wconf 84' lang='lat' dir='ltr'><strong>lx</strong></span> <span class='ocrx_word' id='word_1_345' title='bbox 288 4341 336 4406; x_wconf 78' lang='lat'><strong>84.</strong></span> <span class='ocrx_word' id='word_1_346' title='bbox 368 4342 425 4404; x_wconf 88' lang='lat' dir='ltr'><strong>Per</strong></span> <span class='ocrx_word' id='word_1_347' title='bbox 439 4342 530 4405; x_wconf 88' lang='lat' dir='ltr'><strong>finem</strong></span> <span class='ocrx_word' id='word_1_348' title='bbox 552 4343 618 4405; x_wconf 92' lang='lat' dir='ltr'><strong>libri</strong></span> <span class='ocrx_word' id='word_1_349' title='bbox 645 4344 716 4407; x_wconf 91' lang='lat' dir='ltr'><strong>noni</strong></span> <span class='ocrx_word' id='word_1_350' title='bbox 732 4343 875 4407; x_wconf 90' lang='lat' dir='ltr'><strong>mirabilia</strong></span> <span class='ocrx_word' id='word_1_351' title='bbox 897 4343 1037 4405; x_wconf 92' lang='lat' dir='ltr'><strong>nonnulla</strong></span> <span class='ocrx_word' id='word_1_352' title='bbox 1053 4343 1164 4407; x_wconf 91' lang='lat' dir='ltr'><strong>Plinius</strong></span> <span class='ocrx_word' id='word_1_353' title='bbox 1180 4349 1303 4431; x_wconf 87' lang='lat' dir='ltr'><strong>scripsit</strong></span> 
     </span>
     <span class='ocr_line' id='line_1_40' title="bbox 154 4442 1304 4525; baseline 0.009 -23"><span class='ocrx_word' id='word_1_354' title='bbox 154 4457 216 4502; x_wconf 90' lang='lat' dir='ltr'><strong>non</strong></span> <span class='ocrx_word' id='word_1_355' title='bbox 241 4442 423 4504; x_wconf 89' lang='lat' dir='ltr'><strong>dissimiliter</strong></span> <span class='ocrx_word' id='word_1_356' title='bbox 437 4442 622 4525; x_wconf 88' lang='lat' dir='ltr'><strong>Chrysippeis</strong></span> <span class='ocrx_word' id='word_1_357' title='bbox 650 4443 843 4517; x_wconf 83' lang='lat' dir='ltr'><strong>conformata,</strong></span> <span class='ocrx_word' id='word_1_358' title='bbox 866 4443 896 4505; x_wconf 90' lang='lat' dir='ltr'><strong>in</strong></span> <span class='ocrx_word' id='word_1_359' title='bbox 920 4443 1015 4524; x_wconf 90' lang='lat' dir='ltr'><strong>iisque</strong></span> <span class='ocrx_word' id='word_1_360' title='bbox 1041 4445 1234 4509; x_wconf 87' lang='lat' dir='ltr'><strong>memorabile</strong></span> <span class='ocrx_word' id='word_1_361' title='bbox 1254 4458 1304 4512; x_wconf 82' lang='lat' dir='ltr'><strong>ast</strong></span> 
     </span>
    </p>
   </div>
   <div class='ocr_carea' id='block_1_6' title="bbox 0 0 1466 5018">
    <p class='ocr_par' dir='ltr' id='par_1_7' title="bbox 0 0 1466 5018">
     <span class='ocr_line' id='line_1_41' title="bbox 0 0 1466 5018; baseline 0 5"><span class='ocrx_word' id='word_1_362' title='bbox 0 0 1466 5018; x_wconf 95' lang='lat' dir='ltr'><strong> </strong></span> 
     </span>
    </p>
   </div>
  </div>
 </body>
</html>
