2924 5018
617 292 840 359 ..92-

157 475 215 536 lert
237 468 412 534 Plutarchus
429 469 491 533 974
506 470 543 532 B:
566 463 660 544 κύνες
681 465 720 531 dd
742 465 901 547 undeceni
924 465 1146 547 καθαίροντες
1169 458 1309 536 ἑαυτοὺς

156 569 373 654 χολεριῶντας
395 577 482 649 atque
504 567 566 628 974
586 568 624 629 C:
644 566 701 651 τῆς
721 561 753 629 τ’
777 566 875 647 ἴβεως
895 563 954 628 τὸν
974 558 1196 645 ὑποκλυσμὸν
1217 554 1320 661 ἅλμῃ.

157 668 405 751 καθαιρομένης
430 661 617 743 Αἰγύπτιοι
638 662 787 730 συνιδεῖν
816 662 872 726 καὶ
894 654 1113 746 μιμήσασθαι
1135 658 1308 739 λέγουσιν.

241 764 344 840 Quid?
366 766 446 847 quod
469 782 544 845 quae
567 763 677 826 ibidem
699 764 802 826 Cicero
824 772 925 826 narrat
947 779 1050 843 capros
1068 758 1311 842 decrustans

158 887 224 931 eune
244 876 334 930 essesu
356 866 488 947 confisae
509 867 655 927 venenatis
676 867 783 943 sayt‘ttts
811 863 929 927 herdam
962 878 1102 944 peuense
1133 876 1210 941 pnes
1246 860 1310 923 dit-

81 997 84 1002 ·
158 977 272 1029 tamnen
292 973 455 1041 uocaretur,
478 981 565 1044 penne
587 981 652 1025 cuns
665 965 852 1042 gustavissent
865 965 982 1041 suydtos
996 960 1126 1023 undere
1149 959 1274 1037 [dnm]
1296 977 1312 1021 e

158 1082 284 1145 corpore,
306 1063 482 1124 Plutarchus
497 1060 646 1140 praeclaro
662 1061 767 1123 eadem
782 1061 845 1121 974
858 1060 899 1121 D:
923 1055 960 1121 ai
980 1054 1018 1121 dd
1035 1053 1200 1139 Κρητικαὶ
1215 1056 1312 1134 αἶγες

159 1157 239 1225 ὅταν
261 1160 297 1224 τὸ
327 1158 488 1242 δίκεαμον
516 1156 687 1239 φάγωσιν,
716 1153 937 1239 ἐκβάλλουσαι
966 1155 1008 1219 eoi
1032 1150 1221 1237 τοξεύματα
1248 1151 1312 1238 ρᾳ-

158 1258 239 1332 δλως
256 1304 262 1320 .
280 1303 288 1320 .
305 1303 312 1320 .
329 1305 337 1321 .
353 1251 409 1322 ἐπ’
434 1252 530 1320 οὐδὲν
557 1254 620 1338 γὰρ
648 1252 730 1320 ἄλλο
759 1257 946 1338 τρωθεῖσαι
974 1255 1133 1338 φέρονται
1163 1250 1223 1317 καὶ
1256 1247 1312 1335 ζη-

157 1356 253 1420 εοῦσι
276 1355 333 1418 καλ
355 1351 515 1419 διώκουσι
536 1354 574 1419 τὸ
598 1353 768 1436 δίκεαμον.
813 1354 961 1427 Quantb
981 1372 1021 1417 sc
1043 1369 1156 1434 opere
1179 1358 1313 1415 custo·

159 1455 265 1517 diant
293 1453 438 1517 bestiae
461 1453 575 1529 (Cicero
600 1453 677 1528 126)
701 1453 868 1533 exemplum
891 1452 1052 1535 Chrysippo
1078 1450 1176 1515 tunso
1196 1468 1312 1530 grues

159 1554 306 1626 videntur,
340 1554 411 1615 item
445 1569 598 1615 anseres
621 1552 712 1631 (Plut
728 1570 757 1632 p.
774 1551 834 1613 967
851 1551 897 1631 Β),
928 1551 1001 1613 item
1032 1552 1188 1631 lepores
1216 1548 1312 1629 (niue

159 1673 187 1732 p.
205 1651 327 1730 9711)).
373 1651 554 1713 Nidorum
578 1651 926 1715 construendorum
949 1648 1113 1729 (Cio-129)
1134 1647 1313 1728 exemplum

160 1751 250 1812 habet
272 1750 446 1813 Plutarchus
473 1768 502 1830 p.
525 1749 642 1812 9661).
686 1749 769 1811 Sicut
801 1750 913 1811 caudae
946 1767 1032 1811 causa
1066 1764 1237 1828 peronem,
1268 1746 1311 1809 ite

161 1849 303 1928 quasdam
325 1867 392 1910 aves
414 1867 515 1911 rerum
537 1848 777 1926 augurandarum
811 1865 900 1909 causa
933 1865 999 1909 esse
1032 1853 1117 1909 natas
1150 1852 1183 1907 st
1206 1844 1310 1909 cteero

161 1952 315 2025 acceperat
336 1949 354 2020 ᾗ
371 1946 431 2007 166
454 1953 483 2006 et
505 1945 681 2008 Plutarchus
704 1965 733 2026 p.
749 1946 811 2008 975
829 1946 862 2007 Α.

245 2043 350 2105 Nescio
370 2062 444 2105 num
467 2045 525 2105 iam
541 2045 588 2105 his
609 2044 764 2122 diligenter
778 2044 934 2124 perpensis
949 2045 986 2106 de
1000 2043 1164 2124 Chrysippo
1178 2042 1310 2106 istamm

162 2141 361 2203 sollertiarum
389 2141 565 2221 sospitatore
591 2141 732 2222 primario
748 2160 926 2223 summoque
940 2143 1017 2223 apud
1032 2150 1174 2223 posteros·
1185 2148 1311 2204 anctore

161 2258 259 2303 meam
285 2230 340 2303 tibi
355 2242 536 2303 sententiam
550 2242 598 2304 cui
612 2258 675 2302 non
690 2241 749 2303 vidi
769 2260 823 2319 ego
847 2261 907 2321 quo
921 2249 1007 2321 paeto
1029 2259 1078 2302 me
1098 2239 1310 2303 subtraherem

161 2339 369 2418 persuaserim.
413 2339 477 2411 Qua
503 2339 623 2419 quidem
643 2339 832 2401 corroborata
852 2339 903 2419 qui
932 2339 965 2401 in
991 2338 1141 2402 Ciceronis
1169 2346 1310 2402 οοοὶοιοε

162 2437 356 2517 philosophos
386 2437 543 2518 inquirant
572 2439 681 2499 mirum
711 2445 857 2517 quantum
887 2437 1116 2500 adiuvabuntur.
1166 2436 1199 2500 Si
1229 2437 1311 2515 enim

162 2535 345 2614 Chrysippus
375 2544 420 2597 est
449 2555 486 2597 ex
515 2554 575 2617 quo
604 2542 697 2597 totam
727 2535 803 2598 hanc
832 2535 1004 2598 animalium
1040 2534 1208 2599 sollertium
1249 2536 1310 2599 ool·

161 2634 319 2696 lectionem
347 2634 509 2697 extraxerit
535 2635 647 2708 Cicero,
674 2635 763 2696 otiam
789 2634 901 2714 reliqua
923 2634 1031 2714 quibus
1051 2651 1118 2695 eam
1138 2633 1311 2713 praeparari

163 2733 399 2795 docuimus·nec
425 2752 486 2795 non
513 2732 726 2814 subsequentia
752 2738 845 2794 tracta
871 2750 907 2794 ex
928 2733 1032 2795 eodem
1053 2730 1218 2811 Chrysippo
1246 2750 1311 2795 esse

162 2850 283 2895 necesse
313 2840 367 2893 est.
412 2833 486 2894 Tam
515 2839 580 2893 arte
609 2831 710 2892 omnia
735 2830 895 2893 cohaerent
924 2840 953 2892 et
981 2829 1187 2911 philosophice
1213 2830 1310 2892 ratio·

162 2929 312 2990 cinctione
328 2927 512 3007 colligantur.
542 2931 682 2992 Attamen
697 2929 770 2991 mibi
791 2929 901 2993 librum
915 2931 996 2991 hunc
1010 2930 1046 2991 de
1061 2937 1167 2991 nature
1182 2928 1311 2991 deorum

164 3026 289 3087 altorum
303 3026 410 3088 idonea
426 3034 642 3106 pertractaturo
659 3027 810 3106 diligentia
826 3028 1009 3106 angustiores
1023 3027 1119 3107 ipsius
1140 3027 1310 3091 occasionis

164 3125 240 3186 linos
266 3124 384 3186 ollicere
411 3126 504 3187 video.
550 3125 636 3188 Nunc
661 3127 733 3187 haec
752 3134 879 3189 tantam.
925 3127 1022 3208 Atque
1041 3125 1196 3206 Chrysippi
1218 3124 1312 3189 libros

164 3223 366 3303 pervolutatos
382 3225 512 3286 Senecae
528 3225 566 3286 ad
581 3242 704 3287 manum
720 3225 857 3288 Ciceroni
872 3244 992 3305 quoque
1011 3224 1144 3305 potuisse
1158 3242 1228 3288 esse
1242 3224 1312 3306 quis

164 3321 365 3386 initiabitur?
394 3326 428 3386 ln
452 3325 626 3387 universum
648 3332 748 3387 autem
764 3332 798 3386 ut
813 3325 974 3405 disputem,
996 3324 1022 3386 si
1037 3324 1137 3386 Cicero
1153 3322 1311 3404 Epicureis

164 3439 329 3501 opponere·
343 3422 512 3486 Stoicorum
539 3425 575 3484 de
602 3423 664 3485 deis
690 3423 795 3503 placita
821 3425 947 3495 volebat,
977 3442 1067 3504 quem
1094 3423 1192 3503 aptius
1219 3442 1312 3505 quam

165 3519 360 3600 Chrysippum
375 3530 427 3585 aut
443 3522 566 3585 omnino
582 3541 671 3603 quem
695 3522 784 3584 ahum
800 3531 918 3603 praeter
933 3523 1131 3603 Chrysippum
1153 3540 1312 3603 opponere

163 3616 221 3679 illis
235 3625 353 3696 poterat
368 3621 621 3684 consumatorem
637 3621 726 3683 Stoae
741 3639 845 3682 verum
868 3628 899 3682 et
919 3621 983 3683 sine
999 3639 1058 3701 quo
1074 3620 1147 3683 Stoa
1166 3637 1208 3683 ue
1228 3628 1314 3684 esen

165 3712 311 3796 quidem?
340 3717 385 3777 dn
407 3718 514 3797 placita
528 3717 648 3781 Panaeti
671 3727 703 3780 ut
726 3736 820 3781 unum
843 3719 996 3781 nominem
1012 3717 1076 3781 eius
1096 3717 1219 3800 quisuo
1238 3736 1314 3782 sane

164 3824 299 3894 tempore
326 3815 483 3895 „princeps
507 3815 623 3877 Stoicae
648 3815 841 3896 disciplinam
869 3817 939 3896 (Cio
957 3817 994 3879 do
1009 3816 1073 3879 biv.
1089 3817 1151 3897 14)
1176 3815 1238 3879 fuit
1257 3817 1313 3881 sed

165 3915 202 3976 de
218 3912 318 3975 multis
333 3911 423 3975 rebus
438 3914 602 3977 dissidebat
616 3931 670 3995 pro
686 3915 794 3977 Stoicis
810 3916 923 3995 placitis
938 3910 1011 3978 κατ’
1033 3912 1150 4000 ἐξοχὴν
1171 3915 1313 3979 hocloco

164 4013 273 4075 habere
298 4008 424 4073 licebat?
452 4013 549 4095 Atque
575 4012 651 4075 miro
678 4013 768 4075 modo
793 4014 930 4077 subvenit
950 4013 1029 4094 quod
1055 4033 1111 4094 pro
1137 4012 1314 4077 auctoribus

166 4109 317 4172 doctrinae
332 4109 364 4170 in
380 4116 443 4170 toto
465 4110 523 4173 hoc
544 4110 620 4172 libro
642 4112 735 4173 altero
751 4130 768 4173 e
782 4111 926 4174 Cicerone
948 4111 1078 4173 citantur
1093 4112 1173 4175 Zeno
1195 4112 1313 4192 primus

165 4209 314 4271 secundas
330 4208 496 4281 Cleanthes,
522 4208 658 4289 plurimis
682 4218 782 4272 autem
802 4210 874 4273 locis
894 4211 998 4273 tertius
1014 4210 1196 4291 Chrysippus
1212 4228 1313 4292 οειριο

166 4315 284 4388 praeter
308 4308 363 4370 hos
389 4315 439 4371 aut
465 4317 531 4388 post
551 4308 748 4388 Chrysippum
775 4308 826 4388 qui
847 4309 980 4372 docuerit
1001 4317 1124 4389 quartus
1140 4309 1312 4390 quisquam.

166 4405 309 4467 l'osidoni
324 4405 435 4469 scilicet
449 4424 539 4486 quem
555 4407 689 4487 quamvis
712 4407 906 4481 „lumilimem
920 4412 1031 4469 suum“
1052 4404 1089 4468 du
1103 4404 1314 4489 παραβάσει
