2924 5018
605 258 849 320 -198—

157 433 339 495 mentatione
368 434 548 513 pereleganti
571 434 622 496 Die
644 434 843 496 llorazischen
865 434 993 496 Pisonen
1023 435 1122 498 indita
1153 456 1319 500 commen·

156 532 317 593 rationibus
347 532 503 612 philologis
536 533 567 593 in
601 533 746 594 honorem
779 532 834 594 Tb.
864 534 1041 595 Mommseni
1076 554 1107 614 p.
1135 535 1211 597 420
1235 556 1320 618 sqq.;

156 631 294 710 scriptam
329 631 409 694 euim
432 634 533 692 Artem
562 632 658 710 arguit
685 650 746 693 non
768 642 836 711 post
863 642 974 693 annum
997 651 1022 693 a.
1047 650 1077 694 u.
1096 633 1177 697 735.
1231 638 1318 710 Quod

37 772 41 781 1
156 730 179 791 si
203 729 233 791 iu
257 730 373 791 calculis
397 729 470 791 meis
495 730 625 791 metricis
650 730 803 792 Horatium
826 730 947 810 plenum
972 731 1195 809 exhibuissem,
1227 755 1318 816 argu-

157 829 249 890 menti
272 830 336 890 loco
359 829 395 889 ad
418 849 469 891 eos
491 847 698 909 provocarem:
725 847 805 891 nune
819 830 908 891 tidem
931 830 972 892 eis
995 840 1029 892 ut
1050 830 1120 911 ipse
1136 833 1256 903 babeo,
1279 836 1318 897 ita

156 939 256 990 tamen
273 927 344 988 alios
360 927 513 988 habituros
531 947 596 988 esse
611 928 748 1008 despero.
779 928 927 1001 Quoniam
945 948 1012 990 vero
1028 933 1228 1009 argumentis
1246 935 1318 997 dum

156 1028 222 1088 sine
244 1027 426 1106 argumentis
455 1026 557 1087 diffido
596 1045 694 1108 neque
722 1029 783 1089 viro
812 1027 984 1089 doctissimo
1012 1045 1114 1110 neque
1139 1051 1218 1094 vero
1244 1036 1318 1096 mihi

156 1126 214 1207 ipsi
236 1125 372 1206 placebo,
405 1126 441 1186 de
463 1145 550 1186 versu
573 1128 677 1187 saltem
701 1127 779 1188 Artis
802 1126 944 1208 obloquor
962 1127 1020 1187 157
1046 1128 1151 1205 (llicb.
1174 1152 1208 1213 p.
1230 1133 1318 1210 429).
1379 1154 1384 1163 ·

157 1225 231 1286 Nam
255 1243 323 1286 cum
345 1225 417 1286 baeu
438 1223 545 1286 tradita
568 1225 729 1304 accepisset
751 1242 876 1305 maguus
899 1225 1068 1288 Bentleius:

256 1338 367 1399 Aetatis
390 1336 534 1418 cuiusque
557 1336 681 1398 notandi
704 1346 775 1398 suut
796 1336 850 1399 tibi
873 1357 971 1399 mores

255 1434 472 1515 Mobilibusque
495 1435 584 1498 decor
605 1436 718 1497 naturis
742 1437 855 1498 dandos
878 1445 907 1499 et
929 1437 1026 1511 aunis,

157 1567 217 1610 non
240 1556 319 1610 recte
341 1547 390 1608 ille
411 1546 599 1609 coniectavit:

256 1659 474 1740 Mobilibusque
497 1660 586 1721 decor
608 1659 732 1722 maturis
755 1660 869 1723 dandus
892 1669 921 1723 et
944 1661 1038 1724 annis.

159 1773 236 1846 Quid
249 1773 339 1846 enim,
360 1768 494 1854 quaeso?
510 1771 624 1833 dandus
636 1771 724 1832 decor
738 1779 783 1834 est
800 1782 830 1833 et
841 1774 1002 1853 puerilibus
1019 1776 1105 1837 aunis
1116 1786 1149 1839 et
1162 1783 1313 1843 maturis:

158 1872 279 1952 quinam
302 1871 393 1951 igitur
415 1867 529 1931 decor?
555 1888 594 1930 an
622 1871 751 1933 decorati
773 1872 843 1933 anui
865 1872 935 1954 quid
958 1872 1019 1935 siut
1040 1873 1137 1937 dicere
1167 1874 1314 1957 poteris?

156 1968 346 2031 scribendum
370 1968 537 2031 necessario
559 1968 630 2031 tuit:
663 1971 752 2033 decor
781 1991 867 2033 suus
896 1972 940 2033 vel
963 1973 1052 2036 decor
1079 1984 1195 2056 aptus
1218 1978 1311 2042 annia

157 2069 271 2130 dandus
293 2077 323 2129 et
346 2067 470 2128 maturis
493 2076 521 2128 et
543 2067 702 2130 mobilibus
726 2079 777 2132 est.
824 2071 884 2133 lam
907 2090 977 2133 vero
999 2077 1114 2136 natorr's
1137 2078 1220 2155 quod
1246 2088 1311 2140 tra·

156 2168 234 2230 ditur
256 2167 369 2247 optime
392 2166 488 2227 habet.
527 2166 628 2228 Varias
651 2168 732 2229 enim
756 2176 865 2230 aetates
888 2169 1018 2232 bominis
1033 2170 1172 2236 distincte
1187 2194 1308 2255 ponere

155 2267 294 2330 Horatius
316 2285 378 2328 non
399 2276 468 2328 ante
492 2284 607 2328 versum
635 2264 693 2328 158
717 2268 905 2347 adgreditur;
938 2286 1028 2341 nunc,
1057 2280 1091 2333 ut
1112 2273 1201 2346 solet,
1230 2294 1309 2349 seu·

156 2367 279 2428 tentiam
296 2384 356 2427 non
372 2366 433 2427 vult
449 2365 505 2427 nisi
527 2384 616 2427 unam
641 2376 671 2428 et
692 2366 817 2427 eandem
840 2367 956 2430 duobus
977 2367 1109 2432 versibus
1131 2370 1180 2433 bis
1203 2372 1307 2454 eloqui

156 2465 261 2526 leniter
277 2464 433 2526 immutato
450 2482 602 2526 sermone:
620 2466 697 2527 velut
708 2465 791 2527 decor
802 2466 916 2529 dandus
929 2467 1008 2529 idem
1022 2477 1067 2530 est
1078 2471 1156 2550 quod
1170 2472 1305 2547 notandi,

156 2577 279 2629 ootrvroe
301 2563 381 2625 idem
404 2564 482 2645 quod
504 2582 606 2637 mores,
634 2571 808 2625 naturarum
832 2565 981 2628 mobilitas
1009 2569 1099 2630 refert
1125 2568 1200 2630 illud
1224 2582 1305 2634 oetas

156 2681 296 2743 quaeque:
330 2662 430 2743 itaque
457 2663 597 2743 quoniam
628 2681 725 2743 neque
752 2664 837 2725 decor
864 2665 934 2744 poni
958 2665 1055 2727 nudus
1077 2668 1176 2747 potuit
1203 2688 1305 2751 neque

157 2782 226 2824 vero
249 2762 347 2824 sensui
371 2762 481 2824 sufficit
503 2761 574 2824 illud
597 2770 624 2823 et
645 2766 737 2835 eoois,
761 2761 900 2824 Horatius
924 2765 995 2827 haec
1016 2764 1170 2846 scripsisse
1194 2777 1305 2849 putau-

158 2862 214 2922 dus
238 2870 299 2922 est:

257 2959 366 3020 Aetatis
388 2959 532 3039 cuiusque
553 2959 675 3019 notandi
697 2966 767 3020 sunt
789 2959 842 3021 tibi
865 2980 964 3023 mores

257 3062 472 3143 llobilibusque
495 3063 608 3123 decor
630 3057 741 3120 naturis
765 3058 910 3120 dandus
933 3060 1118 3137 ohannis,

158 3176 305 3257 stabitque
338 3175 396 3237 iam
430 3175 509 3255 quod
532 3171 677 3253 Hauptius
706 3169 874 3232 observavit
896 3170 1031 3250 (Observ.
1054 3173 1118 3235 crit.
1140 3193 1170 3255 p.
1187 3176 1231 3239 48
1244 3180 1305 3260 sq.)

158 3275 310 3336 Horatium
346 3274 376 3334 in
406 3274 507 3354 epodis
535 3272 653 3354 quidem
678 3278 707 3332 et
729 3268 918 3331 sermonibus
940 3271 1096 3350 particulas
1119 3276 1305 3354 copulativae

158 3375 251 3455 qualis
282 3381 327 3434 est
356 3384 383 3435 et
405 3393 420 3434 a
444 3374 540 3452 primo
564 3369 709 3434 enuntiati
736 3370 801 3430 loco
824 3370 985 3431 removisse
1008 3371 1126 3451 saepius
1147 3372 1304 3456 aliquanto

159 3492 247 3553 quam
263 3473 431 3550 Vergilium,
450 3472 548 3534 miuus
565 3491 650 3550 saepe
667 3470 697 3530 in
714 3467 903 3543 carminibus,
927 3470 1054 3532 maxime
1077 3472 1110 3533 in
1124 3476 1305 3552 posteriori·

159 3572 214 3632 bus
237 3571 328 3642 libris,
352 3590 472 3651 perraro
495 3573 526 3633 in
549 3569 691 3651 epistulis,
715 3567 745 3628 in
769 3576 833 3628 arte
855 3569 968 3647 poetica
992 3586 1150 3651 nusquam.

245 3671 302 3730 Sed
337 3670 425 3731 etiam
458 3671 505 3731 illa
539 3669 707 3731 coniectura
739 3666 935 3729 incertissima
970 3676 1014 3732 est
1036 3689 1093 3750 qua
1115 3688 1238 3737 versum
1264 3676 1305 3739 65

160 3769 263 3830 efferre
293 3786 360 3830 cum
387 3768 468 3829 hiatu
501 3769 576 3829 circa
603 3766 763 3827 bucolicam
798 3784 949 3829 caesuram
984 3767 1133 3850 insperato
1167 3773 1308 3855 cogimur

160 3867 210 3929 tali
243 3867 353 3930 scilicet
386 3884 475 3945 quem
497 3864 641 3944 Vergilius
671 3864 815 3937 exercuit,
847 3881 906 3925 uon
935 3866 1064 3928 exercuit
1088 3867 1228 3934 Horatius
1253 3875 1306 3955 (d.

161 3964 357 4038 Sat.l9,38.
384 3963 537 4043 {12‚28):

260 4064 348 4143 Regis
371 4082 455 4143 opuS,
479 4062 623 4125 sterilisve
646 4064 728 4147 palus
752 4063 801 4126 diu
825 4071 950 4145 aptaque
972 4065 1077 4139 romis3

161 4176 212 4239 sed
235 4177 267 4238 iu
289 4176 396 4238 tradita
419 4176 560 4238 lectione:

260 4289 346 4366 Regis
370 4308 453 4368 opus,
476 4288 620 4350 sterilisve
642 4289 692 4351 diu
714 4290 799 4370 palus
822 4297 949 4369 aptaque
972 4292 1061 4354 remis

261 4387 376 4450 Viciuas
401 4387 481 4451 mbis
503 4387 552 4449 alit
576 4396 604 4450 et
626 4405 712 4466 grave
734 4389 824 4450 sentit
846 4395 976 4451 aratrum
