2924 5018
583 273 805 338 ...55-

295 451 374 512 Nile
397 459 490 531 pater,
514 468 642 532 quanam
667 451 777 531 possim
800 459 830 512 te
853 451 951 513 dicere
973 469 1059 514 causa

345 550 403 611 but
425 550 533 629 quibus
556 551 588 611 iu
611 550 698 611 terris
722 549 888 611 occuluisse
908 547 1017 629 caput?

293 649 340 709 Te
363 655 517 728 propter
541 649 638 709 nullos
661 649 748 709 tellus
772 657 821 708 tua
845 649 976 728 postulat
997 650 1109 711 imbres

345 747 432 807 Arida
455 764 522 807 nec
545 747 675 807 Pluvio
699 746 898 826 supplicat
920 748 1034 809 herba
1056 749 1141 809 lovi.

293 844 335 904 Te
357 845 438 906 canit
459 853 549 925 atque
572 862 675 906 suum
696 844 791 924 pubes
814 845 940 907 miretur
964 845 1088 907 Osirin

345 943 479 1013 barbara,
503 942 685 1023 Memphiten
708 942 889 1022 plangere
912 944 997 1005 docta
1019 946 1164 1016 bovem3

128 1069 263 1149 sequitur
286 1075 384 1129 autem
407 1067 470 1128 laus
493 1087 561 1128 cum
579 1067 703 1129 Osiridis
727 1075 792 1129 tum
808 1085 878 1128 vero
898 1086 971 1129 uvae
994 1078 1024 1130 ot
1038 1068 1144 1129 llacchi
1160 1067 1275 1148 Aegyp-

127 1166 195 1228 tiaci
218 1173 283 1245 apta
307 1185 340 1226 ea
367 1164 521 1227 bacchanti
549 1174 662 1245 poetae.
707 1167 819 1227 Seneca
845 1166 976 1227 furorem
1001 1167 1092 1227 istum
1115 1167 1273 1228 Niloticum

127 1282 187 1325 non
204 1271 321 1342 poterat
344 1283 405 1325 uon
429 1264 597 1343 improbare
613 1265 817 1344 malignusque
840 1265 878 1326 ita
895 1273 1011 1344 poetam
1034 1283 1073 1326 ne
1087 1265 1273 1326 nominatum

127 1363 248 1442 quidem
272 1363 427 1440 castigasse
458 1363 530 1423 mibi
561 1363 690 1423 videtur:
723 1363 810 1424 Nemo
833 1373 985 1424 oratorum
1009 1365 1127 1443 adspicit
1154 1363 1272 1425 coelom.

128 1461 195 1533 Quo
228 1462 262 1522 de
294 1479 326 1522 rc
358 1479 417 1521 non
439 1480 503 1523 cum
527 1471 612 1540 poeto
641 1459 825 1537 [debacchor]
849 1472 877 1522 ct
896 1461 942 1522 illi
963 1463 1059 1522 bovem
1083 1463 1166 1522 deum
1189 1474 1273 1523 sutem

128 1563 260 1639 inpingo,
290 1563 341 1638 qui
367 1563 407 1621 cit
434 1578 496 1639 eqs.
546 1558 674 1619 Dubium
705 1559 889 1638 relinquatur
912 1559 967 1620 sub
990 1565 1130 1621 mcoiocor
1153 1560 1275 1635 (habent

127 1657 193 1719 libri
217 1658 306 1719 etiam
329 1661 361 1718 irc
380 1676 411 1719 co
433 1660 523 1732 iocor)
549 1657 617 1737 quid
646 1659 767 1719 tandem
796 1659 892 1719 lateat.
939 1659 1012 1732 Quia
1036 1666 1134 1719 autem
1158 1659 1273 1738 Aegyp·

126 1756 201 1816 tiaca
232 1756 311 1834 orgia
337 1755 520 1834 cogitantur,
556 1756 756 1836 suspicionem
786 1776 881 1818 meam
915 1759 1010 1819 celare
1040 1758 1110 1818 nolo
1141 1758 1273 1837 quamvis

125 1871 201 1914 nove
218 1853 386 1933 antiquam:
412 1855 477 1927 Quo
500 1856 534 1915 dc
555 1873 588 1916 re
610 1872 669 1916 core
685 1874 749 1916 cnm
770 1865 853 1934 poeto
867 1859 1037 1918 mareote'cor
1059 1867 1085 1918 et
1107 1855 1154 1917 illi
1175 1858 1273 1917 bovem

127 1953 210 2014 doum
236 1971 320 2014 suom
348 1956 462 2033 icpcbqo
492 1957 541 2033 qui
566 1956 618 2014 ait:
649 1955 727 2033 quod
750 1953 814 2014 lere
844 1954 957 2016 dictum
986 1955 1025 2015 sit
1057 1955 1134 2016 sicut
1163 1954 1273 2015 vilicari

126 2051 273 2134 possessio
298 2051 444 2113 dicituro
467 2050 559 2112 vilico.

684 2305 716 2365 V.

210 2459 270 2520 lam
295 2457 373 2538 quali
395 2456 512 2517 falsario
528 2455 688 2518 llalieutica
711 2457 867 2518 tribuenda
891 2455 988 2519 sunt?
1011 2457 1098 2520 Prius
1121 2458 1274 2539 indagetur

125 2568 243 2638 tempus
264 2577 322 2636 quo
339 2554 500 2634 scripserit.
532 2554 666 2616 Notabile
685 2556 743 2615 iam
761 2557 818 2616 hoc
837 2556 960 2617 forsitan
980 2557 1121 2619 videatur.
1141 2546 1145 2555 ⁴
1161 2558 1272 2620 Seneca

124 2659 154 2718 in
172 2657 303 2718 Phaedra
325 2654 423 2715 labula
447 2652 595 2715 canticum
619 2654 737 2715 exhibet
759 2656 943 2729 venaticum3
965 2655 1065 2736 ibique
1088 2657 1124 2718 de
1148 2657 1273 2720 canibus

124 2756 234 2836 legitur
255 2774 283 2815 v.
300 2756 429 2833 llsqq.:

268 2878 372 2939 Nunc
394 2875 551 2937 demissi
580 2894 672 2937 nare
701 2860 830 2961 sagaci

181 3031 184 3035 .
268 2977 425 3057 Captent
449 2992 555 3034 auras
580 2975 733 3055 lustraque
756 2994 858 3055 presso

267 3076 459 3148 Quaerant
480 3080 608 3134 rostro
632 3093 691 3153 eqs.

122 3201 277 3283 Exquisite
300 3202 371 3262 haec
391 3201 482 3273 dicta3
511 3217 572 3260 non
596 3198 696 3259 minus
718 3199 863 3278 exquisite
884 3200 916 3260 in
939 3199 1108 3262 llalieuticis
1131 3202 1167 3263 de
1183 3203 1272 3264 caui-

122 3300 180 3362 bus
202 3301 275 3362 haec
299 3299 465 3379 v.76sqq.:

268 3440 395 3518 (Quibus
417 3443 475 3515 est)
499 3457 607 3518 sagax
630 3439 724 3500 virtus
749 3439 886 3519 viresque
909 3441 1064 3519 sequendi,

268 3540 350 3613 Quae
374 3556 472 3599 nunc
495 3537 576 3599 elatis
598 3538 747 3599 rimantur
768 3536 919 3599 naribus
942 3557 1065 3600 auram
1237 3611 1240 3617 ¹

266 3637 303 3698 Et
324 3655 421 3698 nunc
444 3636 607 3697 demisso
630 3644 821 3717 quaerunt
844 3637 963 3716 vestigia
986 3648 1109 3699 rostro
1132 3659 1190 3713 —;

123 3780 204 3845 casui
231 3781 393 3843 similitudo
423 3781 561 3852 cedatur3
591 3788 691 3841 tamen
720 3782 745 3842 si
775 3781 822 3842 cui
853 3799 922 3845 casu
952 3789 1016 3842 orta
1045 3800 1108 3844 non
1122 3783 1272 3856 rideatur,

122 3879 260 3941 veriusne
288 3881 431 3941 Senecam
465 3879 632 3957 tragoedias
664 3879 843 3941 scribentem
868 3879 974 3941 adiisse
996 3881 1074 3942 dicet
1094 3881 1272 3960 piscatoriae

122 3978 194 4040 artis
209 3983 409 4057 fragmentum
433 3994 471 4039 an
487 3977 638 4038 falsarium
654 3988 772 4057 poetam
787 3977 933 4056 plurimos
957 3981 1072 4041 colores
1088 3981 1139 4058 qui
1153 3979 1273 4055 aliunde

122 4077 283 4157 sumpserit
305 4077 436 4138 colorem
457 4079 654 4139 Annacanum
679 4077 849 4156 adpinxisse
871 4074 1014 4156 reliquis?

209 4176 391 4237 Procedatur
422 4177 457 4236 ad
491 4193 610 4236 versum
643 4174 799 4253 fragmenti
823 4175 863 4234 95
897 4175 948 4254 qui
980 4193 1047 4236 cum
1082 4181 1179 4234 totam·
1211 4176 1272 4237 lere

121 4276 329 4356 quaestionem
352 4274 485 4335 absolvat
507 4291 594 4352 aegre
616 4292 702 4334 ame
725 4281 894 4337 reservatus
917 4281 975 4335 est:

127 4441 130 4444 ,
245 4438 247 4443 ,
266 4385 390 4465 Hippuri
413 4385 523 4447 celeres
547 4393 576 4446 et
599 4385 683 4464 nigro
707 4393 825 4462 tergore
848 4385 948 4445 milui:
