2924 5018
626 284 849 349 ...96-

169 465 282 526 mundo
306 465 360 526 deo
390 462 521 524 siderum
550 479 670 542 quoque
699 460 873 524 dei'statim
902 478 962 523 una
989 467 1171 540 tractennrr:
1205 460 1320 525 scilieet

170 564 259 624 simul
289 574 315 623 ct
342 563 446 623 merocli
469 559 634 623 volubilitas
662 579 734 641 pecc
761 564 820 622 cisi
843 563 875 621 ac
903 558 1022 638 globosa
1055 561 1155 639 forma
1177 578 1238 622 csse
1255 576 1319 621 non

166 671 259 742 posset
287 671 315 722 et
341 660 494 722 stallorum
528 659 647 722 rotundi
675 659 799 720 unditus
830 668 1048 738 cognoscuntur.
1105 658 1207 738 Atque
1244 658 1319 719 baec
1382 696 1385 701 -

168 757 335 822 rectissime
357 758 544 821 illustrantur
566 776 661 837 usque
684 757 719 819 ad
742 756 829 819 verba
851 764 869 832 §
892 758 948 820 53:
982 767 1044 818 tom
1065 757 1319 819 moenem-rem

169 859 346 939 subsequens.
390 859 492 937 ltaque
526 856 571 916 his
605 855 746 936 quoniam
779 856 904 936 qualitas
938 856 1043 919 mundi
1065 855 1112 916 dei
1134 856 1167 917 in
1199 855 1319 930 torma

170 957 266 1037 posita
297 957 418 1018 tandem
441 955 604 1018 absolvitur
637 955 752 1034 gravior
780 955 813 1016 in
839 954 967 1017 lectione
992 972 1083 1035 pausa
1105 954 1240 1016 notanda
1263 960 1318 1025 est.

170 1055 274 1136 Neque
289 1055 387 1116 minus
403 1074 439 1116 ex
453 1073 485 1115 re
500 1053 645 1133 proiecto,
668 1053 748 1132 quod
764 1052 824 1113 iarn
841 1053 875 1115 ad
899 1052 1036 1115 intimam
1051 1052 1157 1114 mundi
1179 1051 1232 1114 dei
1246 1069 1322 1132 qur-

169 1152 285 1213 litatem
307 1152 424 1230 igneam
447 1151 631 1231 eandemque
653 1151 840 1213 artificiosam
863 1168 939 1231 quae
956 1158 1061 1213 natura
1076 1150 1186 1212 dicitur
1200 1151 1321 1213 Zenone

171 1251 245 1312 duce
267 1250 410 1312 transitur
432 1254 450 1326 ξ
475 1250 515 1311 57
527 1268 570 1330 sq.
616 1249 718 1329 Neque
750 1249 817 1312 ideo
850 1249 1012 1330 quidquam
1041 1249 1166 1310 omnino
1189 1247 1321 1329 disposi-

170 1349 283 1410 tionem
306 1349 405 1410 turbat
427 1358 546 1429 praeter
568 1347 657 1410 verba
678 1347 802 1410 inmissa
823 1349 857 1409 in
879 1347 1054 1423 §cs-56:
1077 1346 1190 1428 quibus
1211 1365 1321 1409 excur-

170 1466 237 1508 rere
259 1446 433 1509 Ciceronem
463 1447 596 1508 videmus
631 1455 665 1509 ut
697 1430 829 1508 siderum
860 1455 996 1510 naturam
1031 1445 1160 1508 divinam
1188 1462 1260 1506 esse
1285 1462 1322 1506 ex

170 1544 265 1625 prima
280 1553 364 1624 parte
384 1545 451 1606 libri
473 1552 600 1625 repetat:
624 1564 702 1625 quae
723 1546 791 1625 quia
812 1545 902 1607 etiam
924 1546 998 1625 ipsis
1020 1543 1115 1606 verbis
1137 1551 1323 1623 repetuntur

172 1642 224 1723 (ci.
249 1643 290 1705 54
312 1663 380 1705 curn
403 1642 457 1722 43)
492 1653 591 1705 orator
619 1644 790 1723 agnoscitur
820 1643 978 1706 verborum
1007 1660 1131 1705 suorum
1157 1641 1321 1713 amantior,

171 1751 202 1803 at
216 1760 322 1821 parum
338 1750 458 1806 strenue
473 1743 695 1822 philosophans.
732 1743 820 1822 Atqui
842 1760 908 1822 erqo
930 1739 1002 1804 illud
1024 1758 1085 1821 quo
1111 1740 1151 1802 ad
1166 1739 1321 1802 Zenonem

171 1841 342 1920 proceditur
365 1841 404 1901 57
429 1841 499 1920 quid
523 1840 667 1919 significet
689 1838 828 1920 quaeris?
872 1841 1106 1903 Praeiormatam
1127 1837 1321 1917 in-excmplo

171 1939 211 1999 ita
233 1938 296 2000 fere
319 1957 383 2001 rem
412 1957 487 2018 quae
514 1945 559 2000 est
582 1939 716 2000 54-56
742 1939 835 2001 fuisse
863 1939 1024 2003 concludo:
1050 1936 1321 2019 „probavimus

173 2036 250 2115 globi
271 2037 398 2098 formam
421 2037 454 2097 in
475 2036 623 2100 sideribus
644 2039 753 2112 valere,
780 2038 871 2100 simul
897 2045 996 2100 autern
1022 2038 1064 2099 ita
1092 2054 1127 2098 ea
1148 2040 1321 2115 compunta

173 2154 251 2208 esse,
279 2143 313 2197 ut
335 2155 368 2196 se
389 2142 491 2198 ments
514 2136 611 2198 divina
633 2136 765 2217 praedita
788 2156 856 2200 esse
877 2138 1042 2199 declarent:
1070 2134 1150 2215 quod
1172 2132 1255 2195 idem
1276 2131 1320 2195 si·

173 2233 237 2295 mul
269 2233 306 2295 de
338 2242 402 2296 toto
436 2236 549 2297 mundo
583 2236 668 2297 valet.
711 2236 815 2315 ltaque
841 2236 988 2298 mundum
1016 2235 1105 2296 deum
1127 2231 1220 2294 simul
1243 2229 1320 2311 globi

173 2332 355 2411 qualitatem,
377 2333 466 2395 simul
488 2333 649 2395 animantis
671 2341 701 2395 et
724 2335 843 2413 quidem
866 2334 970 2412 optimi
997 2332 1105 2395 habere
1125 2348 1215 2411 posse
1238 2327 1319 2410 quod

173 2428 319 2510 Epicurus
335 2432 459 2510 negarit,
481 2432 634 2494 veritatem
651 2449 714 2494 non
730 2432 924 2510 investigavit.
962 2431 1047 2493 Hand
1069 2446 1162 2509 argo¹
1175 2444 1321 2501 oravero,

174 2527 198 2588 si
226 2547 243 2588 a
270 2529 405 2608 principe
431 2530 654 2610 investigandae
681 2531 810 2593 veritatis
834 2531 935 2593 Stoico
964 2528 1144 2610 principium
1172 2527 1321 2589 duxero“.

174 2624 308 2706 [lenique
324 2630 342 2701 ξ
357 2627 397 2688 60
413 2628 453 2689 ita
475 2630 608 2708 pergitur
628 2638 663 2690 ut
685 2628 845 2708 qualitas
869 2630 913 2690 vel
934 2637 1039 2691 natura
1063 2628 1188 2689 deorum
1211 2632 1268 2687 aut
1287 2642 1323 2686 ex

173 2743 207 2784 re
229 2725 293 2786 utili
315 2727 512 2788 constituatur
534 2735 568 2788 ut
582 2727 699 2788 Cereris
719 2735 771 2788 aut
793 2746 829 2786 cx
850 2744 884 2786 re
907 2727 958 2801 „in
980 2744 1037 2806 qua
1060 2725 1104 2786 vis
1124 2723 1204 2785 inest
1225 2721 1323 2784 maior

174 2823 289 2902 aliqua“
313 2833 347 2885 ut
361 2825 443 2886 Fidei
458 2843 492 2885 ac
506 2825 628 2887 Virtutis
651 2832 701 2886 aut
720 2845 757 2886 er
771 2823 899 2904 physicis
914 2822 1091 2896 rationibus,
1114 2839 1190 2902 quas
1211 2820 1322 2901 excipit

175 2921 275 3000 quales
298 2921 345 2981 dei
368 2920 441 2985 falso
465 2922 622 2984 credantur
641 2923 783 3002 epilogus.
796 2956 840 2967 -
864 2922 924 2983 lam
947 2921 978 2982 in
999 2920 1057 2983 hoe
1071 2919 1224 2995 Ciceronis
1246 2918 1322 2983 libco

174 3018 200 3079 si
223 3018 295 3097 quid
318 3018 497 3099 Chrysippus
520 3019 626 3081 docere
648 3020 748 3082 minus
769 3019 867 3100 potuit
890 3019 1047 3081 ostendero
1068 3017 1324 3098 circumspectiori

174 3117 262 3188 cedo;
290 3116 385 3178 eidem
408 3117 494 3197 quale
516 3119 684 3198 exemplum
708 3119 810 3179 Cicero
831 3125 953 3180 secutus
976 3117 1015 3178 sit
1036 3116 1192 3198 inquirere
1214 3117 1323 3179 denuo.

175 3214 225 3277 Sic
246 3215 277 3277 in
292 3215 446 3295 Chrysippi
462 3216 582 3278 nomine
603 3234 653 3277 me
675 3234 830 3296 compono.
868 3216 901 3278 ld
923 3216 1014 3277 modo
1028 3223 1132 3277 teneas
1146 3232 1214 3277 norr
1223 3223 1322 3277 marn

174 3315 260 3377 nobis
284 3317 435 3395 cognitum
457 3334 524 3378 esso
538 3315 734 3395 Chrysippum
759 3333 856 3396 neque
878 3332 996 3394 sempor
1017 3314 1043 3374 si
1065 3313 1137 3393 quid
1159 3312 1240 3375 forte
1261 3320 1325 3375 tra-

174 3414 269 3475 ditum
293 3414 367 3476 alius
383 3415 506 3476 nomine
526 3414 651 3493 legimns
664 3414 731 3476 ideo
745 3414 775 3475 id
790 3414 906 3494 placere
928 3412 1048 3473 illinon
1063 3410 1211 3490 potuiss03
1231 3410 1323 3487 rdnti

175 3513 255 3592 quod
277 3510 335 3594 τὴν
357 3512 553 3596 οἰκουμένην
574 3514 658 3594 quasi
681 3512 808 3574 insulam
832 3511 1009 3574 circumdari
1032 3510 1068 3572 ab
1083 3511 1201 3571 Oceano
1219 3508 1324 3571 Cicero

175 3609 278 3671 scribit
309 3611 379 3684 165,
413 3613 493 3674 idem
521 3612 681 3675 Posidonio
715 3612 860 3692 placuisse
886 3610 992 3673 Strabo
1023 3609 1108 3673 testis
1141 3609 1180 3670 sit
1211 3606 1325 3684 (Hirsel

175 3725 203 3786 p.
222 3707 305 3781 197),
328 3708 381 3769 sed
404 3717 505 3770 contra
522 3708 717 3789 Chrysippum
740 3708 883 3770 nimirum
907 3708 964 3769 hoc
984 3724 1046 3768 non
1067 3706 1155 3768 faciet
1176 3705 1322 3784 quoniam

175 3804 316 3865 Posidoni
338 3823 563 3884 saepenumero,
586 3805 742 3886 Chrysippi
763 3823 916 3887 nunquam
939 3804 1043 3884 placita
1060 3803 1167 3865 Strabo
1188 3802 1323 3883 respicit.

260 3902 347 3965 Sicut
368 3905 500 3965 sermoni
523 3904 602 3966 haud
624 3922 692 3966 raro
714 3906 832 3986 propria
853 3903 1008 3984 Chrysippi
1029 3901 1119 3967 verba
1138 3920 1157 3963 a
1179 3901 1325 3977 Cicerone

176 4004 366 4076 intexuntur,
405 4003 445 4064 ita
474 4003 596 4083 proprie
623 4002 787 4084 Chrysippo
817 4002 956 4065 convenit
981 4000 1056 4063 'illud
1095 4018 1215 4080 quoquo
1242 3999 1326 4080 quod

174 4103 253 4165 inter
275 4102 461 4165 immortales
484 4102 571 4164 etiam
595 4103 649 4164 viri
669 4102 819 4165 beneficiis
842 4102 1017 4164 excellentes
1031 4098 1177 4161 habentur
1192 4096 1254 4160 Cic.
1269 4096 1324 4159 62

175 4202 250 4264 Item
273 4219 347 4281 quae
367 4202 405 4263 de
427 4220 528 4263 rerum
544 4202 675 4281 appetitu
691 4202 721 4263 in
737 4201 913 4263 animalibus
928 4200 1070 4279 leguntur
1085 4197 1143 4259 Cic.
1159 4195 1210 4270 2⁹,
1235 4214 1325 4277 prae·

175 4301 252 4362 clare
275 4300 436 4382 Chrysippo
458 4300 637 4362 addicuntur
658 4319 675 4361 a
692 4299 840 4363 Chalcidio
855 4299 891 4361 ad
907 4298 1061 4361 Timaeum
1077 4295 1140 4358 220
1155 4294 1208 4375 (of.
1223 4294 1325 4359 llirsel

175 4416 203 4478 p.
219 4398 305 4474 214).
335 4400 411 4462 Item
426 4399 459 4462 in
479 4403 499 4475 ξ
516 4399 575 4462 160
592 4399 668 4462 claro
681 4396 730 4461 illa
745 4417 796 4462 sus
811 4397 968 4479 Chrysippi
990 4395 1075 4459 adest
1088 4413 1166 4478 quae
1187 4393 1264 4459 nibil
1278 4404 1327 4473 cst
