2924 5018
646 316 866 381 ..16-

185 495 262 574 quod
286 513 366 556 amas
390 493 489 555 animo
517 513 650 573 semper,
672 495 753 575 quod
776 513 847 556 voce
869 494 997 574 precari,
1031 492 1135 554 Omnia
1160 492 1330 554 Caesaribus

184 593 241 654 iam
275 602 325 655 tua
359 595 435 654 sacta
468 592 622 673 probas3
651 594 842 673 interponere
864 589 933 654 vero
953 594 1103 654 relativam
1127 593 1248 653 omnino
1270 608 1331 652 uon

183 690 290 752 licebat
326 690 504 752 sententiam
541 698 640 770 spreta
685 692 892 754 coniunctione
933 691 1107 771 copulativa.
1163 691 1225 751 Iam
1262 705 1330 750 vero

184 796 382 851 veteranusne
404 807 506 851 revera
528 797 614 869 poeta
638 807 676 851 an
704 790 803 869 potius
835 790 1002 852 tirunculus
1025 790 1083 850 fuit
1105 788 1156 869 qui
1177 787 1331 868 prooemio

185 889 315 951 inserere
338 877 394 950 isia
416 887 540 949 auderet
561 905 632 948 suo:

672 1013 786 1074 Vitulus
809 1012 865 1075 sia
887 1003 1016 1091 namque
1040 1008 1172 1071 minatur

307 1177 312 1186 ¹
331 1111 389 1183 Qui
411 1111 547 1172 nondum
569 1111 643 1190 gerit
665 1111 696 1172 in
719 1123 820 1173 tenera
843 1112 902 1175 iam
925 1128 1035 1172 cornua
1058 1110 1164 1182 fronte,

331 1208 388 1269 Sic
411 1207 513 1270 damae
535 1208 661 1286 fugiunt,
684 1218 817 1289 pugnant
839 1210 946 1272 virtute
969 1210 1068 1270 teones

328 1305 372 1366 Et
394 1324 494 1367 morsu
518 1305 598 1368 canis
621 1315 655 1368 et
678 1307 787 1369 caudae
810 1309 861 1370 sic
883 1307 1017 1387 scorpius
1040 1306 1101 1368 ictu

330 1405 567 1485 Concussisque
589 1403 659 1466 levis
680 1407 787 1488 pennis
810 1407 866 1469 sic
888 1406 984 1467 evolat
1005 1405 1066 1466 alis.

185 1571 289 1651 ltaque
311 1571 367 1632 iste
394 1587 455 1631 uon
477 1571 544 1650 plus
572 1571 663 1632 semel
693 1573 818 1652 perfecit
850 1580 883 1633 ut
920 1571 1080 1652 primorem
1113 1587 1203 1631 suum
1235 1570 1332 1629 locum

188 1670 336 1731 obtineret
358 1669 515 1748 particula3
536 1669 567 1730 in
590 1668 695 1730 ultimo
718 1689 805 1733 versu
827 1671 858 1731 in
881 1679 1019 1750 quartum
1042 1669 1159 1730 redacta
1175 1674 1221 1728 est
1235 1667 1333 1728 addita

187 1769 382 1848 copulaque,
417 1767 566 1829 anteriore
598 1769 663 1829 loco
697 1769 727 1829 in
755 1787 885 1842 nouum,
920 1769 1000 1848 quod
1033 1768 1082 1828 vix
1111 1766 1232 1841 credas3
1264 1784 1334 1826 nam

187 1866 275 1928 talem
299 1867 482 1945 anaphoram
504 1867 664 1943 cogitabat:
698 1867 746 1928 Sic
767 1869 870 1928 damae
892 1867 1017 1946 fugiunt,
1052 1866 1109 1926 sic
1135 1872 1267 1945 pugnant
1300 1870 1335 1924 et

188 1964 298 2026 virtute
320 1965 420 2025 leones
443 1972 480 2024 et
501 1983 603 2026 morsu
626 1965 709 2025 canis
733 1972 769 2026 et
790 1966 900 2027 caudae
923 1966 982 2026 ictu
1006 1963 1158 2043 scorpius!

274 2077 340 2137 Non
363 2076 587 2137 obmutescebat
610 2084 712 2137 tamen
734 2085 764 2138 et
784 2077 892 2138 iterum
913 2075 1008 2138 simite
1023 2075 1161 2155 peccavit.
1196 2073 1334 2152 Legimus

189 2175 268 2236 enirn
291 2194 316 2234 r.
342 2175 380 2233 77
398 2193 458 2253 sq.:

389 2312 469 2386 Quae
492 2328 591 2374 nunc
613 2312 697 2373 elatis
720 2310 867 2374 rimantur
889 2312 1009 2373 naribus
1032 2330 1132 2374 auram

390 2409 433 2469 Et
454 2428 554 2471 nuuc
576 2409 705 2471 demisso
730 2420 878 2491 quaerunt
900 2410 1020 2490 vestigia
1043 2418 1140 2472 rostro

388 2507 426 2568 Et
447 2508 580 2594 produnt
604 2528 664 2590 eqs.

189 2660 260 2721 btira
283 2660 406 2721 infantia
429 2660 559 2721 bominis
580 2679 675 2722 nunc
696 2667 758 2725 uon
784 2661 848 2722 sine
881 2661 983 2740 copula
1016 2670 1048 2720 et
1080 2660 1222 2720 iterantis.
1262 2658 1335 2719 Rani

189 2761 330 2822 nimirum
364 2758 394 2820 id
427 2774 488 2820 non
522 2759 668 2821 faciebant
701 2767 804 2839 poetae
837 2778 936 2839 neque
958 2757 1096 2833 Ovidium
1130 2757 1336 2819 adscribantur

189 2858 275 2918 baec:
308 2857 392 2918 Nunc
423 2857 561 2919 uiolentas
577 2867 578 2870 ’
594 2876 679 2938 aper,
712 2877 790 2919 amaa
819 2876 903 2937 quem
931 2860 1049 2936 tetipisae
1076 2861 1209 2918 minacem
1230 2855 1337 2936 Aequis

189 2973 269 3025 eras,
304 2955 388 3016 moda
418 2965 442 3016 te
470 2974 531 3034 eqs.
562 2955 630 3016 Met.
654 2955 682 3028 8,
707 2955 777 3015 724.
823 2955 905 3015 Nunc
939 2954 981 3015 lea
1014 2973 1091 3016 nuuc
1125 2955 1228 3025 arbor,
1257 2972 1337 3015 amaa

189 3057 243 3114 erit
270 3053 363 3114 hirtus
394 3071 463 3132 aper
490 3054 553 3115 Art.
581 3053 608 3126 l,
639 3053 711 3114 762.
760 3055 797 3117 m
832 3072 909 3115 aune
935 3053 1063 3115 sublimis
1091 3099 1098 3113 .
1123 3097 1162 3113 ..
1192 3052 1337 3131 despicere

187 3155 220 3212 ia
252 3151 341 3212 ealles
373 3155 516 3231 imumque
543 3151 702 3214 Acioerama
723 3151 851 3224 uidetur,
884 3151 983 3223 Nurac,
1016 3153 1068 3214 abi
1098 3169 1158 3230 eqs.
1192 3151 1259 3212 Met.
1288 3149 1336 3222 XI,

191 3249 253 3311 503
278 3269 342 3330 sqq.
386 3249 471 3311 Nurac
490 3253 582 3330 pairac
602 3269 702 3324 veras,
730 3269 808 3312 nana
830 3250 904 3311 datis
926 3268 975 3312 cre
996 3260 1078 3312 natas
1100 3249 1178 3310 Fast.
1201 3248 1231 3323 Ι,
1265 3247 1336 3311 448.

190 3347 273 3408 Nunc
295 3346 347 3408 tibi
365 3348 484 3419 sinaiis,
505 3366 582 3409 nuuc
604 3350 711 3410 aarum
734 3349 821 3410 iimea
844 3352 963 3422 amanti,
986 3346 1071 3409 Nurac
1091 3347 1211 3409 subeant
1238 3340 1338 3409 madiis

189 3445 280 3507 inrita
301 3445 388 3506 uerba
411 3447 469 3507 deis
494 3447 613 3509 Remed.
642 3447 714 3508 677.
758 3447 794 3509 Et
815 3466 891 3508 abac
914 3445 952 3508 ad
972 3449 1076 3527 santes,
1097 3465 1174 3508 auae
1196 3444 1235 3508 ad
1256 3463 1338 3506 mare

190 3563 290 3605 versas
312 3554 444 3622 apertum
465 3542 530 3606 Met.
554 3544 617 3606 vlu
643 3532 712 3606 165.
756 3544 792 3607 Iit
812 3551 889 3606 acac
904 3545 956 3607 bac
975 3550 1078 3617 iuveni,
1102 3564 1179 3607 nuuc
1212 3548 1337 3607 caicam-

189 3642 326 3723 fuaditur
354 3643 422 3704 illua
448 3642 516 3705 Met.
543 3644 588 3717 lv,
613 3643 684 3706 360.
729 3644 772 3706 ita
796 3643 938 3705 nimirum
960 3643 1104 3722 Vergilius
1131 3660 1265 3724 quoqne:
1303 3642 1339 3704 Et

189 3758 267 3802 uuae
288 3739 387 3803 Pristis
414 3739 506 3814 babet,
539 3760 616 3803 nuuc
649 3747 753 3805 uictam
774 3747 911 3822 praeterit
931 3744 1029 3821 »byeus
1053 3741 1230 3815 Centaurus,
1258 3758 1338 3802 acac

190 3858 251 3901 aaa
284 3839 386 3900 maiae
407 3856 469 3919 eqs.
491 3839 562 3900 Aen.
584 3841 616 3911 V,
640 3839 701 3901 166
715 3858 771 3920 sq,
794 3841 829 3902 ci.
854 3840 926 3910 vill,
949 3840 1025 3913 4423
1051 3840 1096 3914 lv,
1120 3841 1198 3915 3603
1227 3840 1248 3914 l,
1264 3838 1336 3900 220.

191 3937 253 3998 Lex
274 3936 444 4000 necessario
467 3939 568 4000 eadem
591 3938 642 3999 nbi
663 3939 751 4000 raaia
771 3947 801 3999 et
821 3956 899 4000 nuuc
921 3939 1039 4000 voculae
1063 3939 1236 4010 miscentur,
1259 3939 1338 4000 vetut

191 4036 261 4098 bist.
282 4035 357 4108 nni,
381 4035 459 4097 922:
481 4037 565 4098 moda
587 4035 724 4098 ducebam
738 4070 780 4082 --
798 4055 879 4099 auae
898 4037 1083 4112 moderatam
1105 4038 1182 4100 Fast.
1198 4036 1244 4110 IV,
1260 4035 1337 4098 643:

191 4152 261 4196 uam
282 4132 367 4198 moda
388 4136 478 4195 sicam
499 4143 562 4196 arat
584 4179 591 4195 .
611 4180 618 4195 .
635 4179 643 4196 .
659 4152 737 4196 acac
758 4153 827 4216 aper
847 4135 1018 4197 insumebat
1039 4154 1130 4217 aqum
1151 4136 1240 4197 Trist.
1263 4135 1285 4210 1,
1308 4135 1339 4209 2,

192 4231 250 4293 27:
278 4231 356 4293 Nam
376 4232 459 4294 mario
482 4276 489 4291 .
513 4275 521 4292 .
545 4275 552 4290 .
579 4236 654 4294 vires
681 4237 756 4313 capit
776 4221 864 4295 aurias
886 4277 955 4309 ...‚
990 4252 1066 4296 aaran
1093 4233 1267 4314 zephyrus.
1296 4279 1303 4294 .
1330 4277 1337 4294 .

193 4331 284 4402 aum,
315 4348 393 4392 auae
528 4331 627 4394 bareas
661 4333 818 4395 bacchatur
848 4333 884 4394 ab
910 4333 1009 4404 mata,
1041 4350 1120 4394 ausa
1159 4343 1245 4394 uotae
1276 4349 1338 4411 eqs.

192 4431 228 4492 ci.
263 4429 352 4491 etiam
381 4429 448 4492 bist.
483 4430 563 4504 vin,
603 4429 664 4492 290
687 4448 731 4512 sq.
764 4432 889 4493 ‹et-506
909 4446 992 4512 sqq.;
1028 4431 1069 4504 X,
1107 4427 1166 4490 187
1188 4448 1251 4510 sq.;
1290 4429 1340 4501 Xt,
