2924 5018
615 315 653 326 —
705 281 855 349 1115-

166 451 304 532 praotulit
327 452 451 516 Cornuti
472 454 551 534 quod
578 455 656 518 idem
687 456 716 519 in
751 458 839 520 terlio
867 477 986 539 quoquo
1014 460 1145 523 carmine
1174 460 1307 525 eiusdem

163 551 229 619 libri
244 551 368 615 secundi
385 562 543 626 memorat,
566 562 653 633 poeta
668 555 732 635 ipse
754 566 833 623 vetat
851 575 890 620 ne
911 558 1040 625 carmina
1055 559 1110 622 ista
1127 559 1307 627 divellamus.
1397 563 1401 570 ’
1424 645 1426 649 y

163 650 302 715 Ceterum
326 660 498 732 argumenta
520 651 666 732 Zingerlel
689 663 762 735 quot
789 657 834 717 vel
860 658 979 736 pondus
1003 659 1047 729 vel
1070 658 1206 723 umbram
1229 677 1308 738 pou-

163 749 242 814 deris
265 749 376 817 babere
399 750 492 813 videri
512 752 626 831 possint
649 753 810 830 exhibeboa
832 773 894 825 uon
916 756 1024 821 babere
1047 765 1147 820 tamen
1170 758 1228 819 iam
1252 757 1308 821 hoc

163 846 308 910 videbitur
323 848 402 929 quod
426 857 471 912 est
493 850 529 912 de
551 851 765 931 pronominum
782 855 939 935 quicunque
956 863 986 925 el
1000 859 1125 937 quisquis
1139 855 1307 937 frequentia

163 947 257 1026 (Zing.
274 966 303 1027 p.
320 948 388 1023 55l:
424 949 528 1028 legitur
551 949 632 1011 euim
656 954 813 1032 quicunque
835 952 867 1013 in
889 953 992 1014 librol
1015 955 1125 1017 octiens
1149 956 1193 1016 vel
1215 954 1306 1016 semel

163 1045 194 1106 in
220 1047 279 1108 100
295 1065 350 1120 vr„
379 1056 481 1110 contra
504 1048 535 1110 in
557 1047 594 1110 lv
618 1048 713 1109 2-7
736 1050 932 1133 quicuquiens
955 1053 999 1114 vel
1026 1055 1118 1116 semel
1140 1044 1172 1117 in
1195 1053 1236 1113 25
1254 1072 1306 1123 vv„

163 1144 268 1206 deinde
289 1164 394 1208 rursus
422 1147 453 1208 in
487 1146 561 1209 libro
589 1148 614 1209 11
647 1156 752 1229 quater
783 1151 828 1212 vel
861 1150 953 1213 semel
985 1151 1017 1214 in
1041 1152 1101 1214 100
1127 1153 1185 1230 (sin
1208 1159 1306 1214 autem

163 1245 325 1325 dempseris
359 1266 395 1307 ex
426 1246 501 1309 libro
524 1246 549 1311 u
570 1248 730 1310 secundam
763 1251 842 1329 quod
875 1251 954 1313 nullo
986 1252 1160 1315 auctoritate
1191 1251 1306 1322 leceris,

161 1345 253 1407 semel
268 1344 300 1407 iu
317 1344 405 1421 root:
428 1345 528 1427 itaquo
543 1347 580 1409 ad
595 1346 704 1410 librum
720 1348 851 1427 primum
876 1357 1014 1430 quartum
1037 1369 1125 1431 quam
1140 1351 1305 1415 secundum

162 1442 406 1525 propinquiorem
428 1463 493 1508 esse
509 1445 627 1509 numeri
649 1447 680 1509 bi
694 1464 755 1511 non
772 1455 958 1511 attestantur.
998 1448 1132 1531 Quisquis
1153 1458 1254 1512 autem
1275 1450 1307 1513 iu

161 1541 265 1604 librol
287 1544 405 1607 sexiens
428 1553 525 1607 exstat
547 1546 593 1607 vel
615 1546 707 1607 semel
728 1546 761 1607 in
788 1545 846 1609 l35
863 1565 918 1621 vu,
940 1548 971 1610 in
993 1547 1012 1609 l.
1031 1548 1056 1611 ll
1079 1550 1240 1618 undeciens
1261 1550 1307 1613 rel

161 1641 253 1703 semel
274 1641 373 1718 ineo,
396 1643 428 1705 in
450 1644 469 1705 l:
486 1643 522 1707 lv
544 1642 641 1705 2-7
664 1651 710 1707 ter
732 1645 777 1707 vel
798 1646 889 1708 semel
910 1645 1016 1722 in413
1048 1647 1147 1729 itaquo
1181 1668 1218 1711 no
1252 1650 1307 1711 bac

161 1739 282 1820 quidem
315 1741 347 1805 in
379 1759 411 1803 re
444 1762 460 1804 a
488 1742 507 1804 l.
536 1743 549 1803 l
582 1743 674 1823 magis
707 1742 839 1807 diversos
863 1744 880 1805 l.
896 1743 922 1809 Il
952 1754 997 1809 cst
1030 1762 1118 1826 quam
1141 1746 1178 1809 17
1200 1746 1303 1810 2-.-7.

161 1837 223 1900 Hoc
245 1847 345 1902 aulem
368 1858 421 1918 ego
444 1841 569 1903 addidici
591 1841 623 1903 in
646 1841 742 1910 Delios
769 1841 846 1905 libro
879 1842 930 1922 qui
963 1851 995 1909 et
1026 1845 1126 1907 coloro
1153 1853 1183 1906 et
1210 1846 1306 1908 calore

160 1937 277 2016 poetico
301 1940 446 2019 praevalet
467 1940 640 2003 distributas
662 1941 726 2009 istis
747 1941 919 2005 nominibus
948 1943 1112 2006 sententias
1134 1943 1234 2007 miuus
1256 1963 1324 2008 oc»

162 2046 263 2117 ceptas
285 2039 378 2101 fuisse
400 2037 526 2103 Tibullo.
780 2033 785 2041 ’

245 2137 397 2200 Accedunt
432 2137 576 2218 Zingerlei
613 2138 834 2201 observationes
871 2140 939 2201 bae:
984 2140 1152 2220 imperativi
1188 2141 1303 2205 formae

161 2236 256 2316 qualis
285 2245 332 2298 est
352 2247 448 2300 ceocto
470 2237 501 2301 in
524 2236 582 2301 fine
604 2236 768 2299 hexametri
791 2237 903 2317 positae
926 2256 961 2301 ex
983 2239 1081 2319 primo
1111 2240 1187 2303 libro
1209 2241 1245 2309 ab
1268 2260 1303 2302 eo

161 2337 292 2418 quinque
307 2344 476 2410 onerantur,
497 2336 575 2397 nulla
590 2355 626 2397 ox
641 2335 781 2410 secundo,
797 2336 872 2398 duae
886 2353 955 2400 voro
972 2356 1008 2405 ex
1020 2336 1198 2417 Sulpicianus
1211 2336 1302 2401 2-7,

161 2435 253 2498 Porro
276 2436 418 2498 docemur
440 2438 481 2516 (p.
499 2433 553 2516 73)
575 2436 707 2499 voculam
728 2446 759 2497 oc
779 2435 859 2501 inter
879 2435 919 2503 22
935 2455 979 2501 vv.
1002 2437 1094 2502 semel
1115 2437 1172 2517 logi
1193 2437 1224 2499 in
1246 2438 1303 2513 11,

161 2536 239 2599 incer
253 2533 294 2596 25
310 2534 342 2597 in
357 2535 393 2595 lV
409 2533 501 2607 2-7,
518 2534 596 2597 inter
611 2535 651 2597 45
667 2534 698 2601 iu
713 2534 732 2596 l.
751 2534 790 2609 ll;
811 2544 961 2620 praeterea
975 2536 1015 2615 (p.
1028 2535 1132 2618 ussqp
1144 2535 1302 2599 verborum

147 2633 392 2715 'inpersonalium
425 2633 515 2713 pudet
539 2635 614 2714 piqet
640 2637 762 2713 poenitet
791 2633 883 2699 toedet
915 2637 997 2697 iuuet
1020 2635 1096 2703 decet
1118 2634 1226 2716 quibus
1248 2636 1303 2698 nd-

160 2734 277 2799 haercot
294 2732 456 2801 infinitivus
472 2732 503 2803 in
519 2734 538 2796 l.
554 2734 566 2796 l
588 2734 719 2813 exempla
741 2734 776 2794 15
792 2728 905 2809 adesse,
930 2732 961 2796 in
976 2733 1012 2801 lv
1028 2727 1111 2801 2-'7
1126 2714 1258 2815 exempla
1273 2735 1302 2808 6,

159 2834 190 2896 in
213 2834 274 2897 1.11
296 2850 357 2901 non
379 2833 446 2913 plus
469 2831 498 2895 2.
542 2832 577 2894 ln
599 2833 711 2897 calculo
732 2832 885 2912 particulis
905 2832 977 2913 poni
991 2831 1076 2901 facile
1092 2834 1302 2908 concesserim,

159 2933 273 3014 reliquo
302 2931 432 2995 sermoni
464 2931 572 3003 minus,
607 2931 663 3000 niti
697 2941 748 3000 aut
780 2932 959 3013 scriptorum
993 2931 1075 3012 copia
1110 2942 1140 3001 ec
1173 2932 1302 3001 ambitus

103 3046 108 3055 ·
159 3031 253 3094 multo
278 3031 372 3093 maior
394 3031 433 3093 sit
454 3030 529 3093 libro
551 3029 657 3093 Tibulli
680 3039 784 3112 quarto
819 3039 869 3093 aut
901 3030 1083 3093 differentiae
1110 3039 1303 3110 compareant

160 3131 253 3192 multo
277 3131 498 3193 numerosiores
526 3130 562 3199 iis
589 3148 661 3211 quas
684 3129 818 3210 Zingerle
845 3129 942 3208 agitat.
992 3129 1049 3191 iias
1078 3129 1126 3190 illc
1155 3147 1217 3191 nou
1247 3130 1303 3191 luit

159 3229 282 3291 omnino
311 3249 364 3292 cur
391 3231 460 3291 dare
488 3229 567 3291 casui
595 3227 743 3293 dubitaret
766 3227 868 3310 (quem
891 3228 1011 3309 quidem
1035 3227 1099 3315 ipse
1120 3229 1302 3306 periucunde

158 3328 332 3391 sollemnem
353 3329 480 3390 vocavit:
502 3345 575 3407 ganz
598 3326 780 3406 gewbhnlich
803 3348 832 3415 p.
849 3327 906 3402 593
929 3327 965 3387 ci.
981 3346 1010 3415 p.
1027 3325 1095 3407 62);
1124 3335 1255 3389 ceterum
1278 3329 1303 3389 si

158 3445 215 3506 qua
238 3447 291 3488 vor
314 3428 345 3489 in
368 3426 548 3490 carminibus
571 3426 670 3489 minus
693 3425 831 3500 occurrit,
861 3426 919 3487 iam
942 3425 992 3487 ubi
1015 3446 1048 3487 ea
1071 3426 1169 3494 locum
1194 3426 1301 3490 babere

158 3528 289 3606 potuerit
320 3527 427 3608 quidve
459 3525 491 3595 iu
524 3527 622 3597 locum
655 3525 720 3595 eius
750 3525 942 3604 subrogatum
965 3525 1003 3593 sit
1026 3544 1142 3605 semper
1165 3526 1302 3599 ostendas
1391 3557 1392 3560 ¹

158 3644 277 3689 necesse
294 3635 355 3701 est3
376 3626 461 3693 alitor
482 3626 513 3690 in
530 3643 645 3695 cassum
661 3624 862 3693 desudaveris.
900 3620 1001 3696 Quid?
1021 3623 1200 3693 adiectivum
1222 3635 1302 3695 teuer

157 3724 303 3805 (Zingerle
324 3745 354 3811 p.
369 3724 424 3805 49)
445 3726 548 3794 adesse
568 3724 663 3789 semel
685 3723 856 3802 observatur
877 3722 909 3793 in
931 3721 1034 3791 librol
1057 3722 1166 3791 viciens
1189 3723 1233 3793 bis
1256 3724 1301 3786 rel

156 3826 249 3893 semel
269 3825 302 3887 in
318 3825 358 3887 37
374 3843 429 3901 vu,
451 3823 488 3891 lv
508 3822 591 3891 2m7
615 3831 661 3895 ter
683 3823 727 3895 rol
749 3822 842 3891 semel
863 3821 894 3893 ip
910 3822 960 3895 41,
981 3821 1014 3889 in
1035 3821 1054 3892 l.
1069 3821 1095 3887 li
1117 3822 1233 3893 sexiens
1256 3821 1301 3883 vel

156 3924 249 3993 semel
272 3924 303 3993 in
323 3925 378 3985 71:
412 3942 480 3995 ecce
512 3922 680 3995 duriuscula
712 3940 777 3989 sors
811 3927 929 4003 poetas:
964 3937 1025 3995 nou
1059 3919 1143 3991 solita
1175 3938 1229 3987 sua
1257 3921 1301 3983 vel
1395 3921 1397 3925 '

155 4041 256 4091 rerum
272 4022 317 4084 rel
332 4020 423 4090 animi
438 4022 593 4093 teneritate
608 4019 749 4095 Nemesin
764 4019 837 4091 dum
860 4027 938 4095 amat
953 4038 1024 4089 usus
1040 4018 1163 4087 ridetur.
1200 4017 1301 4095 Quid?

157 4142 225 4193 narn
240 4122 336 4203 magis
351 4120 462 4194 ludicre
483 4121 542 4185 inm
556 4120 620 4200 ipse
636 4118 832 4199 suppeditom,
856 4136 953 4200 neque
975 4119 1005 4185 iu
1028 4117 1125 4198 primo
1148 4135 1245 4199 neque
1268 4119 1299 4181 in

156 4229 260 4302 quarte
281 4222 358 4291 libro
379 4227 431 4289 aul
453 4218 600 4285 avaritiam
617 4216 751 4287 Tibullus
773 4217 891 4298 scripsit
913 4227 964 4281 aut
986 4215 1160 4285 adiectirum
1183 4235 1299 4293 comus,

156 4320 340 4393 insecundo
364 4317 652 4399 rereplussemel:
685 4316 744 4389 iarn
767 4315 879 4389 nibilue
900 4310 1099 4383 concludam?
1133 4313 1234 4389 Quid?
1267 4316 1299 4378 iu

116 4507 118 4513 y
155 4428 219 4487 toto
242 4419 316 4480 libro
339 4419 365 4487 ll
392 4435 556 4497 numquam
579 4433 759 4498 quemquem
782 4424 867 4494 poeta
890 4412 1087 4477 incusandum
1110 4413 1222 4493 putavit
1245 4415 1299 4477 dc-

1088 4515 1138 4571 13*
