2924 5018
604 260 849 323 -198-

157 437 339 497 meutatione
367 438 547 516 pereleganti
570 438 621 498 llie
644 437 842 498 lloraziscben
864 437 993 498 Pisonen
1023 438 1130 500 indita
1160 458 1323 503 sommen-

156 535 318 595 tationibus
346 536 503 615 philologis
535 537 566 596 in
600 537 745 596 bonorem
778 536 834 596 Tb.
863 537 1042 598 llommseni
1079 557 1113 617 p.
1143 539 1218 600 420
1240 560 1324 621 sqq.;

156 634 294 712 scriptam
328 635 407 695 enim
431 638 533 695 ‚trtem
561 636 657 713 arguit
685 653 745 695 non
767 646 836 714 post
862 653 974 696 annum
996 655 1023 695 a.
1048 654 1081 697 n.
1100 637 1183 700 735.
1236 641 1322 713 Quot

38 776 41 781 -
155 733 180 792 si
203 732 233 793 in
256 733 373 793 calculis
396 733 471 793 meis
494 734 625 794 metricis
649 733 801 795 Horatium
825 733 947 812 plenum
971 735 1202 811 exhibuissem,
1232 758 1321 818 argn-

157 832 250 892 menti
271 832 336 892 loco
358 832 395 892 acl
417 852 470 893 eos
490 851 698 912 provocarem:
724 851 804 894 nuno
818 834 907 893 tidem
930 834 972 894 eis
995 844 1030 894 ut
1050 834 1125 914 ipse
1142 836 1261 905 babeo.
1282 840 1320 899 ita

156 944 256 992 tamen
272 930 344 990 alios
360 931 513 991 babituros
530 950 596 991 osse
611 932 748 1010 despero.
778 932 926 1004 Quoniam
944 951 1013 993 vero
1027 937 1233 1011 argumentis
1249 939 1319 999 clurn

156 1030 222 1090 sine
244 1030 426 1109 argumentis
454 1030 556 1090 diffido
596 1048 694 1110 neque
722 1032 784 1092 viro
811 1030 984 1091 doctissimo
1012 1049 1118 1112 noque
1144 1055 1223 1097 vero
1247 1038 1319 1099 mibi

156 1129 213 1208 ipsi
236 1128 372 1208 placebo.
404 1129 440 1188 de
463 1147 550 1189 versu
572 1130 676 1189 saltem
699 1131 779 1190 Artis
801 1130 945 1210 obloquar
962 1130 1021 1190 157
1046 1131 1157 1205 (llicb.
1181 1155 1213 1216 p.
1232 1136 1318 1211 429).
1371 1156 1375 1163 ·

157 1227 231 1288 Nam
254 1245 323 1288 cum
344 1228 417 1288 baec
437 1227 545 1288 tradita
567 1228 728 1307 accepisset
751 1245 877 1307 magnus
899 1229 1070 1290 lientleius:

257 1341 367 1400 Aetatis
389 1339 535 1419 cuiusque
556 1339 680 1400 notandi
703 1350 775 1400 sont
795 1340 850 1402 tibi
872 1359 971 1402 mores

255 1437 472 1517 llobilibusque
494 1438 584 1499 decor
605 1439 719 1500 naturis
741 1440 856 1501 dandus
877 1449 907 1501 et
928 1440 1026 1513 annis,

158 1569 218 1612 non
240 1560 320 1612 recte
340 1549 390 1611 ills
411 1550 599 1611 coniectavit:

256 1661 474 1742 llobilibusque
496 1662 586 1723 decor
607 1662 732 1724 maturis
754 1663 869 1725 dandus
891 1673 922 1725 et
942 1664 1039 1726 annis.

159 1775 235 1848 Quid
249 1775 340 1837 enim.
360 1771 494 1854 quaeso?
510 1774 624 1835 dandus
635 1774 725 1834 decor
737 1784 784 1836 est
799 1786 830 1836 et
840 1777 1003 1856 puerilibus
1018 1779 1109 1840 annis
1118 1790 1151 1842 et
1165 1785 1310 1845 maturis:

158 1874 279 1953 quinam
303 1874 394 1952 igitur
414 1869 529 1933 clecor?
554 1892 594 1933 an
621 1873 751 1935 decorati
773 1875 843 1935 anni
865 1875 935 1956 quid
958 1876 1020 1937 sint
1040 1877 1139 1940 disere
1169 1878 1312 1960 potoris?

156 1971 346 2033 scribendum
371 1971 537 2032 necessario
559 1971 630 2032 fuit:
663 1973 753 2034 decor
780 1994 868 2035 suus
896 1975 940 2036 vel
962 1976 1054 2038 vleeor
1080 1988 1200 2059 aptus
1222 1982 1309 2044 annia

157 2071 272 2132 dandus
293 2082 324 2130 et
346 2070 470 2130 maturis
492 2080 521 2130 et
544 2070 703 2132 mobilibus
725 2083 777 2134 est
824 2073 884 2134 lam
907 2092 978 2135 vero
1000 2081 1117 2138 natsn's
1138 2080 1226 2158 quorl
1247 2092 1308 2143 tra·

156 2171 235 2231 ditur
257 2170 369 2248 optime
392 2168 489 2230 babet.
527 2169 629 2230 l'arias
650 2171 733 2231 enim
755 2182 866 2232 aetates
888 2172 1019 2235 bominis
1034 2172 1176 2239 distincte
1191 2197 1306 2258 ponere

155 2270 295 2331 Horatius
317 2280 468 2330 nonanto
491 2286 608 2329 versum
636 2266 694 2329 158
717 2270 906 2348 adgreditur3
937 2289 1029 2342 nnnc,
1058 2285 1093 2335 ut
1114 2276 1206 2349 solet,
1234 2297 1307 2340 sen-

155 2369 280 2430 tentiam
297 2386 357 2429 non
372 2368 433 2429 vult
449 2368 505 2428 nisi
527 2387 617 2428 unam
640 2380 670 2428 et
692 2369 817 2429 andem
840 2369 957 2432 duobus
977 2371 1112 2434 versibus
1133 2374 1184 2436 bis
1207 2376 1305 2457 eloqui

156 2468 262 2528 leniter
277 2468 434 2528 immutato
450 2485 602 2528 sermone:
620 2468 697 2527 velut
708 2467 792 2528 rlccor
802 2468 917 2530 dandus
929 2470 1008 2531 idem
1021 2474 1159 2553 estquod
1172 2472 1304 2545 meandi.

157 2579 280 2629 notarrae
300 2566 381 2626 idem
404 2566 482 2646 quod
505 2584 607 2635 mores,
634 2577 808 2627 naturarum
832 2568 982 2630 mobilitas
1009 2571 1100 2632 refert
1127 2573 1203 2635 illurl
1227 2586 1304 2636 astas

156 2683 297 2746 quaeque:
329 2664 430 2744 itaque
457 2665 597 2744 quoniam
627 2683 725 2744 neque
751 2665 837 2726 decor
864 2668 935 2745 poni
958 2668 1056 2729 nudus
1078 2671 1179 2749 potuit
1206 2691 1304 2754 nsque

157 2783 227 2826 vero
250 2764 348 2825 sensui
371 2763 482 2825 suffieit
503 2764 574 2825 illud
597 2773 624 2824 et
645 2767 738 2835 annis,
761 2763 901 2826 lloratins
924 2767 996 2828 baec
1016 2767 1172 2848 scripsisse
1195 2782 1305 2852 putan-

158 2864 215 2924 clus
238 2874 299 2923 est:

257 2961 367 3021 ‚letatis
389 2961 533 3039 cuiusque
554 2961 676 3021 notandi
697 2970 767 3022 sunt
790 2961 843 3022 tibi
866 2982 966 3025 mores

258 3063 473 3143 llobilibusquo
495 3064 609 3124 decor
630 3059 742 3120 naturis
764 3059 911 3122 dandus
933 3062 976 3123 ab
996 3064 1120 3137 anuis,

158 3178 306 3257 stabitque
338 3177 396 3237 iam
430 3175 510 3255 quod
532 3172 678 3254 llauptius
705 3170 874 3233 observavit
895 3173 1032 3251 (Observ.
1054 3176 1120 3237 crit.
1141 3196 1173 3257 p.
1190 3179 1233 3241 48
1246 3183 1306 3261 sq.)

159 3277 312 3337 Horatium
346 3276 377 3336 in
406 3275 508 3355 epodis
535 3275 654 3355 quidem
678 3282 706 3333 et
729 3271 919 3332 sermonibus
940 3273 1098 3352 particulas
1120 3279 1306 3357 copulatius

158 3377 252 3455 qualis
282 3385 328 3436 est
356 3386 383 3435 et
405 3395 421 3434 a
445 3375 541 3454 primo
564 3372 710 3434 enuntiati
736 3372 802 3430 loco
825 3372 986 3432 removisse
1008 3374 1128 3453 saepius
1148 3375 1305 3458 aliquanto

159 3494 248 3554 quam
265 3474 432 3552 l'ergilium.
451 3474 549 3534 miuus
564 3492 651 3551 saepe
668 3471 698 3530 in
714 3469 904 3543 carminibus,
927 3472 1056 3534 maxime
1078 3474 1111 3535 in
1125 3478 1305 3555 posteriori-

160 3574 216 3632 bus
238 3572 329 3639 libris,
352 3591 473 3651 perraro
496 3574 527 3632 in
549 3570 693 3652 epistulis,
716 3569 747 3629 in
769 3580 834 3629 arte
855 3571 969 3647 poetica
992 3587 1152 3652 nusquam.

246 3671 303 3730 Sed
337 3671 425 3731 etiam
459 3672 506 3731 illa
539 3670 708 3731 coniectura
740 3667 937 3730 incertissima
970 3679 1095 3752 estque
1117 3691 1239 3738 versum
1263 3678 1305 3740 65

160 3770 264 3830 ellerre
294 3786 360 3828 cnm
388 3769 469 3829 biatu
501 3770 577 3829 eirea
604 3768 765 3827 bucolicam
798 3785 949 3829 caesuram
984 3769 1135 3851 insperato
1168 3776 1307 3857 cogimur

161 3868 211 3929 tali
243 3867 353 3929 scilieet
386 3885 476 3946 quem
499 3865 643 3945 l'ergilius
672 3865 816 3927 exercuit.
848 3882 908 3926 non
935 3868 1065 3930 exercuit
1089 3869 1231 3936 Horatius
1253 3875 1305 3955 (d.

161 3965 358 4029 salsas.
384 3965 407 4024 ll
423 3964 453 4025 ἲ.
469 3963 538 4043 23);

261 4064 349 4143 Regis
371 4083 456 4144 opus,
479 4063 624 4126 sterilisve
646 4066 729 4146 palus
752 4065 802 4126 cliu
824 4074 951 4145 aptaque
973 4066 1079 4139 remis3

161 4178 214 4239 secl
237 4178 268 4238 in
291 4176 398 4238 tradita
420 4176 562 4238 lectione:

261 4289 348 4366 Regis
370 4309 455 4367 opus.
477 4288 621 4350 sterilisve
643 4289 693 4351 diu
715 4290 800 4370 palus
822 4300 950 4370 aptaque
972 4293 1063 4354 remis

263 4387 377 4448 l'iciuas
401 4388 483 4449 urbis
504 4388 553 4449 alit
576 4400 606 4450 et
626 4406 714 4466 gravo
734 4390 825 4450 sentit
845 4398 977 4451 manum
