2924 5018
572 303 794 368 „45-

107 485 221 542 niveam
236 480 335 542 Paroa
354 479 497 551 exhibeat,
521 478 626 539 deinde
646 497 680 538 ax
702 478 767 556 ipso
783 476 909 555 Vergilio
931 483 1051 554 sumpta
1074 475 1175 536 or'rr‘dr‘s
1190 473 1252 535 Ilo-

107 599 191 649 uusa,
215 580 345 658 denique
359 577 467 656 Arpina
482 578 531 653 (cl.
548 577 635 638 Ovidi
649 595 675 637 v.
692 576 754 636 472
766 579 843 655 sqq.)
868 583 898 635 et
917 573 1050 653 Seriphos
1070 573 1253 651 semerar‘fera

108 697 176 739 cum
200 677 276 757 apud
300 677 449 738 Nasonem
469 676 561 756 plana
575 675 708 754 Serr'pbos
730 674 776 735 sit.
814 673 875 734 lam
898 690 967 734 vero
992 672 1068 734 sicut
1090 673 1127 731 ad
1143 671 1252 732 Parum

108 775 324 855 designandum
348 775 435 836 unice
459 783 562 853 aptum
588 791 720 834 marmor
748 772 816 841 fuit,
843 772 879 832 ad
904 771 1052 832 Cimolum
1080 778 1160 831 oreta
1186 767 1253 846 (tri-

107 874 221 935 tissima
245 874 318 936 baca
339 883 418 935 creta
439 872 553 934 Plinio:
577 872 615 932 ol.
631 871 734 931 XXXV
754 869 813 930 195
823 889 887 950 sqq.
910 870 963 930 XX
978 868 1040 928 212
1055 868 1121 929 XXl
1140 867 1199 930 138
1222 876 1252 928 et

107 972 189 1033 locos
211 973 334 1052 plures),
356 971 515 1033 sicutldet.
532 970 673 1031 11111222
695 969 821 1031 fecunda
844 969 932 1030 melle
961 976 1083 1030 vocatur
1103 968 1252 1047 Calymne,

107 1072 148 1132 ita
171 1071 372 1150 quaerendum
397 1078 443 1131 est
466 1070 579 1131 insulae
596 1069 700 1148 Cythni
724 1068 796 1148 quid
820 1069 947 1129 maxime
970 1067 1126 1147 proprium
1149 1065 1251 1141 l'uerit3

106 1170 245 1249 thymum
266 1169 360 1231 fuisse
382 1169 529 1239 nescitum
561 1168 653 1229 scitur
675 1167 748 1239 boo,
780 1184 850 1226 nam
875 1166 952 1245 apud
975 1166 1128 1227 Pollucem
1150 1165 1187 1225 Vl
1211 1164 1251 1226 63

107 1268 187 1329 iuter
209 1268 263 1328 alia
278 1268 372 1328 multa
387 1263 480 1349 nopai
494 1274 564 1337 τοϊς
580 1263 742 1337 παλαιοῖς
758 1259 995 1345 εὐδοκιμοῦντα
1010 1264 1140 1325 occurrit
1162 1264 1252 1324 etiam

107 1361 205 1449 τορὸς
230 1361 378 1438 Κύθνιός
399 1387 435 1427 τε
456 1362 512 1438 καὶ
535 1360 721 1439 Σικελικόςς
744 1362 839 1446 τορὸς
859 1360 1008 1434 Κύθντος
1030 1361 1252 1423 memorabatur
1284 1374 1296 1395 ·

108 1464 188 1525 Alexi
210 1472 315 1544 poetae
338 1462 623 1542 altampetram
645 1462 732 1545 τυρῷ
752 1459 899 1544 ’Κοθνίῳ
926 1470 1100 1523 contentum
1123 1480 1156 1522 se
1178 1460 1253 1522 dixit

107 1562 252 1642 Epicurus
268 1562 364 1623 Laert.
380 1562 462 1640 [liog.
479 1561 506 1621 X
523 1560 576 1633 113
599 1578 670 1620 nam
693 1561 802 1639 cytisus
824 1560 929 1639 Cytbni
953 1569 1016 1621 erat
1038 1561 1167 1639 indeque
1188 1568 1252 1620 tra·

107 1662 184 1722 latus
206 1660 239 1720 in
262 1678 366 1721 omues
391 1660 539 1740 Cycladas,
563 1677 671 1738 magno
695 1659 791 1720 casei
814 1666 981 1737 proventu:
1004 1658 1080 1719 Ptin.
1096 1657 1162 1718 Xlll
1180 1657 1251 1719 134.

107 1759 210 1838 ltaque
236 1760 273 1820 de
300 1760 426 1820 lectione
455 1758 599 1820 Ovidiana
632 1759 690 1820 iam
726 1775 787 1818 non
820 1757 968 1818 dubitabo.
1010 1756 1142 1817 Addidioi
1176 1756 1250 1817 duo:

106 1857 167 1918 iam
189 1857 268 1918 enim
289 1858 340 1919 nbi
355 1858 446 1919 latina
465 1874 522 1916 vox
537 1855 649 1935 (caseo)
665 1855 858 1937 repugnabat,
882 1874 986 1934 graeco
1008 1855 1149 1917 vocabulo
1170 1855 1251 1934 quod

107 1954 232 2016 minime
254 1963 514 2034 expectaveramus
536 1955 580 2015 uti
602 1956 711 2016 audere
727 1955 875 2016 Nasonem
894 1955 1065 2028 cernimus,
1079 1955 1158 2015 unde
1179 1972 1252 2015 oon-

109 2053 289 2115 cludendum
318 2053 433 2115 videtur
459 2072 521 2114 non
550 2054 647 2114 solum
680 2048 841 2136 βούτυρον
867 2052 965 2133 (apud
993 2053 1110 2114 Celsum
1137 2053 1190 2129 al.)
1222 2061 1252 2114 et

107 2149 321 2234 τυροτάριχος
345 2152 450 2228 (Cicer.
477 2152 512 2212 ad
533 2152 593 2212 dtt.
613 2151 650 2212 tv
670 2151 689 2212 8
714 2159 741 2212 et
764 2151 828 2213 XlV
850 2151 888 2212 to
912 2159 942 2212 et
963 2151 999 2212 ad
1021 2151 1253 2226 FamillX163

108 2253 145 2310 cf.
170 2250 247 2329 apud
276 2249 410 2330 Apicium
441 2249 638 2329 tyropatinam
665 2249 791 2329 vl111)
825 2250 958 2310 Romano
992 2251 1179 2311 accomodata
1208 2248 1253 2310 ori
1371 2259 1373 2262 ⁴

106 2349 200 2409 fuisse
222 2350 274 2409 sed
301 2350 400 2428 ipsum
426 2367 546 2428 quoque
577 2345 692 2430 aoqo'r3
724 2349 764 2409 ita
797 2356 830 2410 ut
858 2348 1045 2429 aliquatenus
1080 2366 1251 2428 comparare

108 2466 145 2508 ex
168 2446 270 2508 Ovidio
301 2447 387 2509 liceat
419 2448 569 2527 lampadas
602 2455 632 2508 et
663 2446 801 2510 aulaeum
836 2457 865 2508 et
888 2455 1031 2508 crateram
1054 2456 1084 2509 et
1106 2447 1251 2526 pyxidem.

107 2545 221 2606 Deinde
236 2563 306 2607 vero
323 2564 382 2625 quo
405 2545 476 2606 illud
492 2546 579 2606 etiam
596 2546 740 2618 firmetur,
761 2544 919 2607 temerarie
934 2545 1059 2625 iusuper
1073 2545 1252 2625 corripuisse

108 2651 228 2725 poetam
257 2644 409 2705 cernimus
436 2644 595 2722 longamv
623 2644 769 2720 vocalem3
799 2644 960 2705 defendere
987 2661 1055 2704 cum
1084 2645 1163 2705 voles
1189 2645 1252 2704 for·

107 2751 186 2804 tasse
208 2742 380 2804 Theocriteo
403 2761 489 2803 versu
511 2741 579 2803 158
604 2743 654 2804 ubi
677 2745 757 2804 voois
779 2738 936 2825 τορόοντα
957 2751 1092 2822 correpte
1114 2761 1251 2822 pronun·

108 2840 239 2902 tiaudam
271 2859 338 2901 esse
369 2840 509 2919 syllabam
542 2840 669 2920 primam
702 2849 732 2903 et
753 2840 920 2903 bobeckius
955 2841 990 2902 ad
1014 2841 1151 2921 Sophool.
1175 2841 1250 2901 diac.

108 2959 137 3019 p.
157 2939 216 3000 184
239 2939 358 3017 agnovit
380 2947 410 3000 et
425 2938 604 3013 bleinekius3
627 2940 679 3001 sed
705 2959 791 3001 eausa
814 2941 869 3002 alia
894 2940 1043 3012 videlicet3
1065 2958 1124 3001 usu
1139 2939 1252 2999 Roma-

109 3056 216 3099 norum
245 3056 306 3099 non
340 3037 548 3098 transformari
580 3038 645 3098 soni
679 3039 777 3118 graeci
808 3057 870 3100 nou
904 3047 1056 3119 poterant3
1090 3038 1174 3100 ouius
1208 3037 1251 3097 rei

108 3137 240 3217 exempla
262 3136 292 3196 iu
315 3136 402 3196 huius
426 3136 634 3215 disputationis
657 3136 785 3199 decursu
812 3139 959 3218 praeclare
987 3137 1092 3200 slmilia
1122 3157 1154 3198 se
1178 3136 1252 3196 olie-

107 3242 185 3296 rent.
218 3235 253 3295 ln
274 3234 370 3296 Plauti
384 3233 444 3295 Mil.
458 3235 539 3296 Glor.
555 3254 581 3294 v.
597 3235 638 3294 24
661 3235 711 3296 ubi
732 3239 875 3315 epityrum
896 3245 1078 3298 memoratur
1101 3236 1169 3312 (hoc
1191 3243 1251 3295 est:

108 3333 186 3410 quod
209 3333 255 3393 vel
276 3340 353 3412 post
367 3351 486 3393 caseum
509 3333 556 3393 rel
577 3334 613 3394 ad
638 3350 757 3395 caseum
780 3334 963 3413 comedatur)
987 3333 1057 3413 quid
1080 3334 1143 3412 ipae
1165 3339 1252 3411 poeta

107 3431 222 3493 dederit
243 3449 305 3492 non
328 3431 399 3492 satis
420 3430 521 3510 liquet.
560 3431 698 3493 Ceterum
721 3431 773 3511 qui
794 3432 1000 3510 florentemque
1024 3431 1120 3510 Syrou
1148 3430 1251 3492 Ovidio

105 3528 218 3590 dabant
250 3538 280 3590 et
311 3529 367 3609 ipsi
400 3529 562 3590 solemnem
595 3536 675 3591 certe
697 3529 816 3590 Graecis
840 3548 1013 3591 mensuram
1048 3528 1250 3610 neglegebaut

105 3627 242 3708 uanique
262 3639 332 3706 tyro*
347 3627 425 3689 sicut
447 3627 596 3706 singulare
622 3636 676 3701 est,
700 3628 742 3689 rei
764 3635 865 3690 tamen
888 3647 950 3689 non
973 3629 1074 3690 miuus
1095 3628 1252 3707 singularis
1354 3622 1357 3631 ’

106 3727 277 3806 exemplum
304 3727 434 3788 iniciam.
478 3728 553 3788 Nam
576 3728 607 3788 io
630 3726 799 3788 Horatianis
827 3727 885 3788 illis
906 3727 1046 3807 lloprome
1068 3729 1252 3808 quadratorum

106 3824 234 3896 Sabina,
262 3825 287 3885 0
311 3824 488 3900 Thaliarche,
516 3844 630 3888 merum
659 3827 737 3887 diota
758 3826 784 3887 ai
804 3825 883 3887 forte
910 3826 989 3887 diota
1016 3827 1048 3887 in
1078 3826 1159 3887 libris
1189 3843 1251 3886 nou

106 3924 196 4002 plane
218 3925 388 4002 legeremus
416 3925 469 3985 sed
496 3926 542 3986 vel
565 3925 651 3986 dioro
672 3924 718 3984 vel
740 3924 852 3996 simile,
884 3942 945 3984 uon
967 3924 1085 3986 minore
1108 3944 1197 4005 quam
1220 3924 1251 3984 iu

106 4021 210 4082 Ouidio
238 4022 357 4084 audacia
385 4041 490 4083 verum
516 4023 692 4101 refingeres:
724 4041 795 4084 nam
825 4041 921 4102 neque
953 4023 985 4083 in
1018 4023 1123 4084 litteris
1150 4021 1250 4082 latinis

108 4121 186 4182 duta
205 4121 333 4182 recurrit
354 4128 384 4182 et
409 4128 571 4182 tamenne
598 4131 679 4182 recta
701 4122 821 4201 quidem
851 4140 953 4199 graeca
978 4122 1076 4182 forma
1102 4129 1148 4181 est
1175 4139 1251 4199 quae

105 4228 159 4281 aut
181 4216 300 4292 δίωτος
321 4219 429 4280 fuisset
451 4228 501 4279 aut
523 4216 655 4296 droam,-
681 4221 779 4299 itaque
804 4220 913 4281 latinae
935 4218 1170 4289 consuetudinis,
1194 4237 1251 4298 qua

106 4334 210 4397 graeca
223 4317 394 4390 violabatur,
406 4317 584 4380 Horatianus
611 4319 694 4380 loeus
709 4318 796 4379 testis
808 4336 885 4380 uuus
898 4327 928 4379 et
939 4320 1021 4380 solus
1033 4326 1092 4379 est:
1111 4317 1147 4377 ci.
1160 4317 1250 4378 Bent-

107 4416 198 4478 leium
214 4417 311 4478 Carm.
326 4417 344 4477 1.
354 4417 384 4488 9,
400 4416 419 4479 8
441 4425 470 4478 et
484 4416 758 4496 Zangemeisterum
773 4417 817 4478 lle
829 4417 901 4478 Har.
917 4416 1039 4478 vocibus
1059 4416 1165 4495 singul
1177 4417 1250 4496 pr.
