2924 5018
602 230 845 296 -192—

156 414 183 466 et
203 408 306 467 smerde
334 414 361 468 et
387 406 504 469 damires
526 406 602 469 sicut
629 408 746 487 scripsit
772 428 798 469 e.
820 427 848 489 g.
869 406 940 471 dlet.
957 407 1006 471 ΙΙΙ
1025 408 1092 471 172
1117 408 1158 475 Bt
1179 408 1299 473 166666

156 504 268 577 Ρήἰαῑις
291 506 362 567 haec
384 505 462 567 enim
487 525 520 568 ea
542 524 612 569 cura
634 506 691 569 luit
705 524 763 588 qua
786 508 874 569 etiam
890 506 1059 571 Xanthum
1083 508 1248 591 ponebant
1265 528 1300 591 po

156 603 346 665 Scamandro.

240 702 341 783 Neque
364 703 605 767 immemoratum
620 705 677 766 boc
691 705 855 786 relinquam
869 706 1072 771 hexametros
1096 707 1135 771 in
1152 704 1306 771 llalleuticir

155 811 273 881 praeter
294 802 441 882 dipodiem
465 803 583 865 finalem
611 808 691 865 totos
719 803 858 883 spondeis
886 804 1041 885 compleri
1071 806 1235 877 undecim,
1262 805 1307 867 boe

155 907 201 962 est
221 900 427 962 duodecimum
444 920 593 982 quemque
616 903 827 977 hexametrum,
849 922 938 984 quarn
963 894 1064 967 metr‘r
1087 904 1234 969 inertum
1255 912 1307 965 toto

155 1000 234 1060 eaelo
258 998 293 1059 ab
316 998 419 1060 Ovidio
442 999 551 1060 distare
575 1019 636 1062 non
660 1007 704 1062 est
738 1001 819 1082 quod
842 1001 988 1064 affirmem
1016 1003 1070 1066 vel
1101 1002 1308 1085 comprobem

155 1116 302 1179 apponam
318 1105 417 1159 tamen
439 1106 472 1159 ut
488 1116 628 1161 numeros
643 1120 745 1164 cernas
761 1101 874 1182 aliquos
889 1120 965 1182 quos
981 1118 1158 1183 compares
1173 1102 1208 1165 in
1221 1100 1308 1163 bletl

155 1197 287 1277 exempla
310 1214 415 1258 novem
438 1206 554 1261 tantum
575 1200 631 1279 legi
653 1200 698 1262 vel
720 1218 815 1263 unum
837 1198 1052 1277 incertave,
1069 1200 1106 1264 in
1120 1200 1197 1263 blot.
1213 1201 1239 1261 ll
1258 1218 1309 1263 un·

143 1296 250 1358 decim
280 1295 323 1356 vel
353 1314 445 1359 unum
473 1297 554 1359 inter
575 1298 625 1371 79,
649 1299 680 1360 in
703 1301 770 1362 llet.
786 1300 826 1362 lll
848 1316 953 1361 novem
976 1298 1023 1362 vel
1050 1317 1155 1363 unuin
1178 1300 1262 1363 inter
1273 1294 1307 1359 81

156 1394 205 1474 (el.
230 1394 381 1456 llrobiscbi
403 1397 538 1458 tabellam
559 1397 589 1459 in
614 1398 677 1459 ber.
693 1398 780 1460 Verb.
796 1398 911 1461 Saecbs.
927 1397 960 1459 G.
978 1396 1025 1459 W.
1044 1396 1135 1461 XXV
1150 1398 1185 1461 S.
1199 1396 1264 1479 23),
1283 1396 1309 1459 in
1345 1415 1349 1481 l

156 1493 400 1555 Medicaminibus
423 1494 547 1556 Formae
570 1496 737 1576 exemplum
761 1497 886 1559 nullum.

240 1593 324 1666 Quod
362 1610 429 1654 vero
474 1595 584 1656 voculis
627 1594 723 1656 tribus
768 1593 974 1675 monosyllabis
1018 1594 1176 1659 definitur
1213 1612 1308 1657 verena

156 1690 218 1753 llel.
238 1691 313 1752 107:
342 1702 369 1754 et
396 1710 434 1754 ec
462 1711 503 1764 aa,
533 1694 589 1755 hoc
611 1710 672 1755 nou
696 1694 786 1773 magis
810 1693 988 1756 abhorrete
1011 1690 1143 1757 Nasone
1165 1692 1307 1775 quanin

156 1789 272 1851 Heroid.
300 1789 347 1861 12,
370 1791 409 1851 25
434 1791 503 1853 illud
528 1793 602 1873 quod
628 1793 670 1855 bic
698 1804 738 1856 eat
759 1794 807 1871 (cl.
831 1792 904 1856 blus.
930 1791 1024 1855 Rhen.
1046 1790 1169 1881 xxlttl
1192 1812 1224 1874 p.
1240 1790 1306 1863 392)

157 1889 237 1950 velut
258 1890 377 1950 Metam.
393 1889 522 1951 X11613
546 1891 670 1970 legimus
698 1902 724 1953 et
745 1891 797 1953 dcc
824 1901 879 1966 est,
902 1890 979 1952 Fast.
995 1888 1091 1951 1439
1116 1900 1148 1952 et
1169 1890 1244 1953 boec
1262 1898 1304 1953 au.

157 1987 297 2049 Coalescit
319 2006 425 2067 nempe
448 1999 488 2049 cst
509 1989 539 2049 in
561 1990 700 2069 exemplis
728 1991 774 2052 bis
807 2009 874 2052 cnm
907 1986 996 2051 verbo
1030 1990 1252 2063 antecedente,
1280 1986 1303 2047 il

156 2087 235 2166 qood
269 2087 414 2166 praeclare
447 2088 605 2167 persuadet
636 2098 667 2151 ut
696 2098 948 2169 pentametrorum
982 2105 1106 2167 quoque
1142 2088 1297 2151 drusum

158 2185 245 2246 telem
273 2197 317 2248 sot
342 2196 381 2248 est
403 2176 505 2265 (Tri'st.
528 2188 593 2259 vt,
611 2188 665 2269 68)
688 2198 719 2250 et
740 2189 830 2251 scelos
851 2198 892 2251 est
914 2189 962 2262 lex
983 2185 1071 2247 Pont.
1086 2184 1103 2247 1
1121 2185 1155 2259 6,
1172 2186 1229 2261 28)
1252 2202 1299 2267 pre

156 2303 214 2346 una
230 2285 313 2365 quasi
328 2304 397 2347 voce
412 2288 624 2349 enuntiandam
647 2308 711 2349 esse
726 2297 865 2369 putemus
888 2289 1005 2367 (parum
1020 2284 1078 2347 boc
1092 2286 1197 2349 sensit
1210 2285 1301 2347 Laeb-

158 2402 283 2445 mannus
307 2385 336 2445 in
359 2386 422 2450 lnd.
446 2387 511 2447 lect.
528 2387 621 2447 berol.
642 2386 720 2448 1848
744 2385 799 2448 sub
823 2387 936 2461 finem).
981 2384 1065 2446 Haud
1088 2403 1182 2447 secus
1203 2392 1300 2447 eutem

157 2493 183 2543 et
204 2502 242 2545 ce
263 2503 291 2546 sc
313 2484 344 2543 in
368 2484 429 2545 Hal.
454 2486 561 2566 atque'
576 2488 614 2549 cd
647 2505 677 2547 os
708 2495 748 2547 cst
768 2486 858 2547 Trist.
873 2486 896 2546 V
912 2484 977 2554 4‚5
1000 2489 1165 2545 excusatur
1198 2490 1299 2546 natura

159 2583 328 2643 vocularum
351 2601 388 2644 en
410 2591 440 2644 et
462 2585 509 2646 od.
554 2584 607 2647 Sin
630 2593 728 2648 autem
751 2585 840 2646 'laist
856 2583 924 2655 Vb,
942 2581 979 2643 16
1003 2586 1083 2643 recte
1105 2582 1265 2645 scribitur:

258 2721 304 2782 Nil
327 2722 381 2783 nisi
404 2742 452 2786 me
474 2723 571 2787 solum
593 2722 689 2804 primo
710 2732 823 2787 tutatus
846 2742 887 2786 es,
929 2724 967 2785 dt
987 2738 1068 2783 nune

160 2891 198 2933 ne
219 2890 247 2933 es
269 2873 388 2954 quidem
411 2875 446 2935 ab
469 2875 645 2939 adhaesione
667 2877 717 2938 tab
738 2876 864 2938 alienum
888 2838 1053 2955 putandum
1074 2880 1136 2947 est3
1159 2872 1201 2935 cl.
1225 2872 1297 2937 nac

158 2970 194 3032 lV
209 2970 281 3031 456.

244 3071 382 3132 Ceterum
417 3073 529 3135 metrici
567 3074 626 3136 mei
663 3073 751 3135 libelli
784 3079 991 3154 argumentum
1024 3069 1113 3131 simul
1146 3076 1179 3131 et
1214 3070 1298 3133 latius

160 3171 323 3249 expendere
355 3179 385 3232 et
417 3172 570 3235 subtiliore
604 3192 672 3235 cura
701 3179 879 3252 pertractare
906 3171 937 3232 in
970 3169 1069 3232 animo
1090 3168 1218 3249 quidem
1241 3185 1299 3231 nen

159 3277 221 3343 est,
255 3270 306 3330 sed
340 3288 400 3332 non
435 3271 501 3333 sine
534 3273 632 3333 fructu
660 3271 724 3331 lieri
752 3271 873 3350 poterit:
902 3268 1013 3331 scilicet
1045 3276 1075 3328 et
1105 3264 1298 3329 formares

161 3388 215 3430 nec
247 3385 308 3431 uon
341 3369 413 3444 PQS
448 3380 516 3433 nata
550 3370 626 3434 baud
659 3389 726 3432 raro
760 3369 860 3431 studio
886 3366 1037 3448 gravitatis
1071 3365 1221 3428 credenda
1256 3372 1299 3427 est

160 3468 262 3548 (idque
290 3469 365 3531 valet
392 3470 455 3532 fere
477 3470 513 3533 de
536 3470 677 3550 exemplis
700 3487 775 3550 quae
797 3467 923 3529 indicavi
943 3466 962 3527 l.
985 3466 1005 3527 l.
1028 3484 1057 3546 p.
1072 3464 1114 3525 54
1136 3465 1219 3537 adn,
1250 3462 1299 3525 ubi

160 3567 195 3627 ad
229 3566 308 3628 locos
336 3568 495 3631 Ovidianos
524 3587 591 3649 erpo
619 3587 671 3649 pro
694 3586 759 3648 erpo
781 3585 830 3647 epo
862 3564 1036 3627 exhibentes
1069 3562 1228 3625 addendus
1257 3570 1300 3625 est

160 3664 250 3726 Trist.
265 3666 300 3725 lV
318 3666 366 3737 td,
385 3669 461 3744 1153
483 3669 599 3730 Riesius
621 3685 690 3728 vcro
712 3686 761 3747 epo
774 3666 907 3726 inserere
929 3672 981 3725 aut
995 3660 1077 3725 ntrllo
1091 3660 1156 3722 loco
1171 3660 1301 3725 debebat

160 3771 211 3825 aut
233 3762 382 3825 omnibus.
417 3767 557 3828 Similiter
578 3766 731 3828 Medicam.
754 3785 781 3826 v.
797 3763 838 3825 99
852 3764 914 3825 uidi
932 3780 981 3843 epo
1002 3780 1057 3842 pro
1078 3760 1138 3822 vide·
1158 3770 1301 3842 expecta·-

161 3861 251 3942 bam),
274 3870 304 3923 et
324 3862 406 3938 illud,
428 3866 508 3946 qood
523 3883 625 3927 versus
648 3864 786 3944 tripartiti
808 3863 896 3923 modo
916 3863 1017 3941 plures
1038 3859 1127 3921 modo
1143 3860 1302 3939 pauciores

161 3961 377 4043 semiquinariis
393 3964 605 4036 admiscentur,
620 3971 723 4042 arguto
738 3976 954 4042 saepenumero
966 3958 1087 4020 consilio
1101 3956 1215 4020 lactum
1239 3967 1301 4021 estc

161 4060 284 4137 consilio
306 4070 385 4124 certe
418 4062 449 4123 in
471 4063 616 4126 Tristibus
648 4061 828 4143 rebquisque
860 4077 896 4120 ex
918 4056 1014 4117 Ponto
1035 4054 1175 4134 Epistulis
1210 4058 1303 4139 duplo

162 4160 255 4223 rarior
276 4160 439 4240 tripartitus
471 4162 520 4224 ille
552 4162 674 4224 incedit:
708 4161 818 4242 quippe
852 4174 944 4219 sonus
976 4154 1135 4234 simplicior
1167 4162 1198 4216 et
1231 4158 1304 4221 uni-

162 4257 267 4323 lormis
301 4260 439 4323 tristitiae
474 4262 565 4341 magis
593 4260 795 4330 conveniebat,
822 4258 870 4319 ille
892 4275 961 4317 vero
989 4261 1040 4315 aut
1061 4253 1187 4315 amabile
1209 4256 1304 4319 nimis

162 4364 291 4445 spirahat
305 4368 356 4422 aut
370 4362 458 4423 nimis
473 4361 614 4429 sublime;
637 4361 827 4439 indidemque
843 4356 930 4418 etiam
945 4354 1024 4434 quod
1041 4354 1072 4413 in
1088 4354 1129 4415 lbi
1144 4356 1304 4421 amabilius
