2924 5018
628 268 847 333 ..63-

161 442 272 504 Eadem
306 443 369 521 lege
399 443 567 523 explicanda
593 452 665 505 sunt
692 453 721 506 et
749 444 828 524 quod
860 444 890 504 in
919 444 1018 506 Culice
1046 445 1205 507 durissime
1233 446 1306 524 legi-

161 550 211 602 tur
234 548 272 618 (v.
290 541 380 621 277):

263 657 321 717 Sed
346 657 465 719 fortuna
488 657 616 718 valeus
639 658 780 719 audacem
802 658 913 720 lecerat
937 668 1040 732 ante,

161 780 188 832 et
212 771 266 833 alia
291 774 378 834 etiam
395 773 568 844 difficiliora,
592 775 673 834 velut
694 775 726 835 in
743 776 815 837 Ciris
838 776 902 837 loco
926 786 958 838 ut
981 775 1135 838 videbatur
1149 777 1305 857 desperato

160 879 190 930 et
212 870 496 932 coniecturientibus
512 871 704 933 celeberrimo
723 893 746 934 v.
765 873 804 934 13
829 875 884 935 iam
910 875 1020 936 nullam
1035 875 1121 936 nobis
1144 876 1304 937 litterulam
1373 881 1377 889 '

159 969 318 1030 immutare
342 988 416 1049 opus
439 977 500 1040 est,
529 969 586 1032 nisi
609 972 688 1050 quod
712 973 914 1035 antecedentis
938 992 1041 1035 versus
1069 975 1230 1037 clausulam
1255 974 1307 1034 ab·

160 1068 281 1130 scissam
306 1069 521 1148 complebimus
544 1068 600 1131 ita:

261 1194 345 1266 Quod
368 1194 400 1254 si
423 1195 579 1256 mirificum
602 1212 695 1272 genus
719 1214 807 1257 omne
830 1199 945 1273 slonare
968 1197 1104 1274 valerem]

261 1293 435 1367 (Mirificum
455 1292 575 1354 saecli
597 1293 686 1353 modo
708 1293 748 1354 sit
770 1294 824 1355 tibi
846 1295 920 1356 velle
943 1295 1089 1376 libido),

260 1391 298 1452 Si
321 1411 368 1453 me
391 1392 449 1454 iam
472 1409 590 1455 summa
613 1391 766 1471 Sapientia
789 1403 933 1473 pangeret
955 1414 1021 1457 arce
1038 1441 1045 1456 .
1062 1441 1069 1456 .
1087 1443 1093 1456 .
1111 1440 1130 1467 .,

260 1489 326 1550 Non
351 1509 403 1568 ego
427 1498 457 1552 te
480 1492 568 1552 talem
593 1509 751 1552 venerarer
776 1510 900 1552 munere
923 1493 989 1567 tali;

159 1633 227 1676 nam
252 1635 327 1696 quae
349 1617 380 1676 iu
396 1618 567 1696 parenthesi
582 1618 678 1697 posita
695 1624 774 1689 sunt,
798 1616 878 1677 huuc
894 1614 1005 1677 babent
1029 1635 1168 1678 sensum:
1194 1620 1305 1692 „modo

160 1714 200 1774 sit
220 1714 274 1775 tibi
296 1714 385 1776 saecli
408 1715 497 1777 buius
521 1715 627 1776 libido:
657 1716 731 1776 velle
754 1714 928 1785 mirificum,
952 1715 1009 1776 boe
1032 1722 1092 1775 est:
1119 1716 1209 1776 scribi
1232 1718 1307 1777 velle

160 1812 338 1888 mirabilia“;
360 1813 471 1874 scilicet
493 1814 644 1875 saeculum
667 1813 737 1874 illud
761 1813 886 1892 quadam
909 1831 980 1874 sane
1002 1813 1124 1874 libidine
1148 1822 1178 1874 et
1198 1815 1304 1877 Aratea

159 1920 259 1972 eires
283 1912 408 1989 magicas
432 1913 466 1972 ad
496 1912 683 1989 astrologiam
707 1911 819 1972 adfines
848 1911 1016 1973 sectabatur
1037 1911 1165 1974 testibus
1188 1921 1218 1974 et
1242 1913 1305 1974 aliis

159 2017 190 2068 et
210 2008 327 2069 blanilio
351 2029 439 2089 quem
469 2010 566 2070 dicere
594 2000 812 2070 consuevimus.
856 2009 991 2088 Denique
1014 2009 1148 2071 Tibullus
1170 2029 1223 2072 cur
1244 2028 1305 2074 nou

158 2108 273 2185 planius
307 2107 434 2169 scribere
467 2107 639 2188 praetulerit
660 2106 724 2168 Huc
747 2107 813 2168 odes
836 2117 862 2167 et
884 2117 996 2168 cautum
1027 2112 1143 2187 pestium
1170 2109 1306 2191 ludosque

158 2208 264 2271 choreis
281 2205 459 2278 Concelebra,
482 2207 653 2287 peritiorem
670 2207 780 2267 sentire
797 2224 917 2268 necesse
940 2215 992 2268 est.
1027 2208 1124 2287 Atque
1140 2209 1302 2287 permirum

158 2317 203 2368 est
227 2306 307 2385 quod
330 2305 394 2384 ipse
416 2304 625 2367 Lachmauuus
648 2305 698 2385 qui
721 2304 753 2364 in
774 2304 947 2366 Disseniana
972 2304 1101 2366 editione
1122 2309 1304 2369 recensenda

156 2407 260 2468 salsam
283 2404 361 2464 illam
385 2404 566 2484 anaphoram
590 2403 706 2465 Tibullo
729 2420 792 2463 nou
809 2403 872 2463 dari
886 2422 947 2464 non
966 2403 1036 2473 vult,
1052 2413 1154 2465 contra
1170 2405 1249 2466 idem
1269 2406 1305 2466 ad

157 2503 346 2583 Propertium
361 2522 390 2582 p.
410 2501 469 2563 198
486 2503 609 2564 eandem
626 2504 757 2583 putidam
782 2502 854 2562 dixit
877 2510 907 2562 et
930 2501 957 2561 vi
979 2502 1130 2581 gratiaque
1153 2512 1304 2564 carentem

159 2604 287 2682 denique
308 2603 552 2680 erpurrgendam3
574 2601 692 2681 scripsit
715 2602 794 2662 euim
818 2601 991 2681 Propertius
1007 2600 1046 2661 lll
1062 2600 1111 2671 27,
1130 2602 1148 2661 7
1158 2620 1237 2681 sqq:

257 2731 372 2790 Rursus
396 2737 425 2788 et
448 2728 593 2789 obiectum
618 2727 696 2788 lletis
720 2727 808 2806 capiti
831 2745 895 2787 esse
918 2727 1079 2787 tumultum

300 2827 376 2887 Cum
400 2825 513 2886 Mavors
537 2825 639 2886 dubias
663 2826 767 2887 miscet
789 2825 940 2905 utrimque
963 2843 1079 2895 manus,

257 2925 412 2986 Praeterea
437 2925 614 2986 domibus
638 2925 787 2986 flammam
811 2924 1060 3002 domibusque
1083 2922 1194 2996 ruinas

300 3024 362 3085 Neu
386 3024 512 3086 subeant
533 3023 623 3086 labris
646 3025 750 3104 pocula
772 3024 853 3103 nigra
877 3022 946 3085 tuis.

156 3151 199 3211 lle
222 3149 329 3230 quibus
351 3149 483 3211 Muelleri
512 3150 618 3229 placita
652 3168 712 3211 nou
742 3169 854 3212 moror.
898 3149 984 3209 Patet
1013 3149 1093 3210 enim
1124 3165 1186 3209 nou
1215 3158 1304 3228 eaput

156 3249 300 3321 tumultu,
335 3249 386 3309 sed
421 3248 509 3328 capiti
543 3249 704 3310 tumultum
740 3249 890 3309 obiectum
925 3247 1064 3308 audacius
1093 3247 1150 3307 dici
1181 3255 1215 3308 ut
1245 3265 1304 3309 una

157 3346 303 3409 enuntiati
326 3354 475 3407 structura
498 3346 640 3426 coniungi
663 3357 730 3427 apte
746 3346 861 3426 possint
884 3346 972 3407 etiarn
997 3346 1113 3406 llamma
1138 3355 1166 3406 et
1190 3344 1303 3406 ruinae.
1342 3381 1345 3390 ·

156 3447 260 3525 Neque
282 3465 298 3506 a
320 3445 515 3525 Propertiano
540 3465 591 3506 ore
618 3445 747 3507 alienum
772 3445 828 3505 fuit
849 3445 920 3505 illud
943 3444 1022 3520 llere,
1048 3443 1104 3504 hoc
1128 3452 1172 3504 est
1194 3444 1303 3505 timore

156 3563 276 3605 summo
299 3543 374 3620 angi,
396 3561 431 3603 ue
449 3543 556 3622 pocillo
578 3544 696 3605 subeunt
713 3562 774 3622 eqs.
808 3542 850 3602 lta
874 3552 980 3602 terrere
1001 3561 1036 3602 ue
1051 3541 1189 3602 Horatius
1212 3561 1301 3603 carm.

156 3643 167 3703 l
185 3643 213 3714 2,
231 3642 249 3702 5
271 3643 352 3703 solus
376 3650 405 3703 et
427 3660 506 3704 unus
530 3642 628 3704 dicere
650 3660 739 3704 ausus
763 3651 821 3703 est:
847 3659 915 3701 nam
939 3640 970 3701 iu
987 3640 1159 3720 Panegyrici
1179 3640 1209 3700 in
1224 3640 1303 3702 Mes-

156 3741 258 3802 sallam
282 3739 344 3801 v.2
367 3760 456 3820 quem
480 3750 728 3820 comparaverunt
750 3741 895 3821 scripturn
920 3739 978 3802 fuit
1000 3760 1047 3802 me
1069 3740 1094 3801 si
1119 3740 1216 3802 audis:

257 3866 299 3927 Τθ
321 3866 452 3927 Messalla
476 3885 589 3927 canam.
634 3867 821 3946 Quamquam
845 3886 892 3927 me
915 3866 1030 3945 cognita
1055 3865 1147 3926 virtus

258 3965 363 4026 Terret
386 3983 430 4024 au
452 3963 590 4025 infirmae
611 3965 726 4026 valeant
748 3964 910 4026 subsistere
934 3963 1020 4034 vires,

257 4062 398 4141 lncipiam
422 4070 532 4123 tamen.

157 4187 216 4248 Sed
240 4187 412 4266 Propertius
443 4187 533 4247 etiam
563 4187 655 4248 altero
685 4187 751 4248 loco
773 4187 798 4248 ll
815 4187 844 4259 7,
860 4187 894 4248 3:
922 4188 1025 4264 lbmus
1050 4196 1168 4265 uterque
1191 4185 1244 4246 diu
1266 4183 1305 4244 Ni

154 4303 207 4346 uos
231 4286 374 4347 diuideret.
412 4285 472 4345 lam
495 4285 525 4344 in
542 4285 641 4363 priore
657 4285 706 4346 illo
723 4285 790 4365 quia
812 4293 842 4345 et
856 4286 974 4345 flamma
997 4291 1027 4345 et
1048 4283 1151 4344 ruinae
1168 4284 1204 4343 ad
1228 4282 1302 4344 nihil

156 4385 248 4464 magis
272 4402 361 4463 quam
384 4385 421 4446 ad
444 4385 549 4445 domos
573 4383 734 4464 pertinent,
763 4383 976 4444 mutationibus
1004 4383 1034 4443 iu
1065 4381 1114 4442 tali
1138 4392 1223 4461 poeta
1249 4381 1300 4442 ab·
