2924 5018
619 264 842 328 ..55-

156 445 278 504 bliluum
302 440 484 521 trisyllabum
501 437 734 518 pronuntiabant
749 439 939 518 antiquiores,
963 458 1058 520 usquo
1079 442 1115 503 ad
1131 442 1308 504 Phaedrum

155 542 271 615 1313
295 549 325 602 41
347 540 481 601 Persium
504 539 541 599 lv
564 537 605 600 26
627 537 675 598 cui
698 557 752 617 pro
774 539 878 601 matous
904 540 1021 601 oberret
1041 540 1101 602 iam
1124 541 1308 602 restitutum

157 652 202 705 est
224 659 312 704 suum
334 639 440 702 miluus
461 647 551 700 mot.
596 637 654 697 Pro
677 636 791 698 duabus
817 637 935 716 syllabis
964 637 1050 700 hodie
1077 638 1209 719 positum
1240 657 1310 702 non

156 742 288 803 cernitur
310 746 378 800 ante
399 736 561 798 Martialem
583 734 683 796 11155
707 743 737 797 41
758 737 928 799 iuvenalem
952 736 990 797 lx
1012 737 1063 797 55.
1107 737 1170 798 1144
1191 736 1310 799 141414-

155 839 248 901 rabile
268 839 299 899 in
323 836 430 898 Ouidio
453 854 519 897 esse
543 835 805 913 (supervacaneum
829 845 873 897 est
896 835 976 897 enim
998 835 1114 897 adferre
1129 835 1216 896 Ovidi
1237 837 1309 897 hm.

155 937 227 1011 116,
244 935 301 1009 34ς
323 935 392 996 Met.
407 935 433 994 ll
449 932 527 1008 7163
549 933 625 995 Past.
642 933 682 994 111
698 934 771 1010 794)
787 935 930 996 intellexit
945 933 1152 996 Lachmannus
1175 932 1224 1013 (ad
1242 934 1308 996 Lu-

157 1037 284 1100 cretium
307 1054 335 1113 p.
358 1031 442 1108 379).
486 1031 597 1109 begere
624 1031 698 1093 ideo
721 1032 827 1094 iussit:
856 1043 883 1094 ct
911 1037 994 1112 m‘pro
1021 1043 1133 1113 torpore
1161 1032 1224 1094 iuli.
1270 1033 1308 1095 ld

157 1135 237 1217 quod
262 1134 347 1194 docto
375 1130 473 1192 studio
501 1129 613 1208 recepit
633 1129 800 1192 Merkelius.
844 1131 941 1210 Atque
965 1132 1074 1212 aliquid
1097 1148 1170 1193 saue
1192 1130 1310 1210 speciei

157 1233 344 1296 coniecturae
386 1229 505 1290 additur
545 1227 684 1289 celeriore
719 1229 796 1290 Plini
835 1236 1043 1310 excerptorum
1080 1230 1309 1310 comparatione

159 1335 190 1409 (6
209 1329 332 1410 15244.)
355 1325 595 1409 quandoquidem
627 1325 667 1386 ihi
689 1327 795 1388 citatur
823 1328 922 1390 iulus
944 1328 1034 1408 piscis
1056 1329 1108 1408 qui
1130 1328 1208 1408 apud
1233 1326 1310 1391 Ovi-

158 1432 239 1493 dium
262 1430 353 1490 istum
375 1429 485 1488 trustra
509 1424 677 1505 quaeritur3
705 1426 870 1488 accuratim
898 1435 999 1488 tamen
1026 1427 1221 1506 inspicientes
1245 1428 1308 1489 iam

158 1531 330 1593 haeremus:
355 1523 510 1586 ordinibus
523 1523 603 1584 enim
618 1523 733 1584 Plinius
746 1542 865 1586 carmen
888 1524 1033 1605 excerpsit
1056 1533 1157 1605 aperte
1173 1525 1311 1602 duobus;

157 1637 246 1709 atque
274 1643 379 1689 eorum
408 1623 490 1702 prior
516 1641 574 1702 quo
597 1621 690 1700 magis
714 1624 836 1685 nomina
857 1642 933 1685 nova
956 1643 1047 1704 quam
1069 1644 1117 1686 res
1139 1642 1234 1686 norae
1255 1643 1308 1687 ro-

156 1727 323 1809 spiciuntur
338 1721 539 1785 curiosissime
553 1721 689 1801 sequitur
704 1740 843 1784 versuum
859 1722 993 1783 ordinem
1015 1722 1173 1784 traditum:
1196 1722 1308 1785 bovem

157 1847 183 1889 v.
197 1826 247 1898 94,
259 1840 410 1902 cercyrum
426 1820 496 1892 102,
510 1819 637 1900 orphum
652 1821 722 1892 104,
736 1821 905 1901 erythinum
921 1821 990 1892 104,
1001 1817 1121 1882 iulum?
1136 1837 1310 1901 mormyras

160 1925 231 1994 110,
246 1920 447 2000 chrysophryn
465 1919 534 1990 111,
551 1915 677 1996 *parum
695 1925 829 1998 (perroto
842 1921 921 1997 legas
936 1936 1060 1980 necesse
1074 1918 1131 1995 441)
1149 1917 1219 1992 112,
1242 1928 1310 1983 tra·
1344 1953 1348 1958 .

158 2042 228 2103 gum
251 2020 319 2092 112,
342 2019 529 2080 melanurum
548 2016 618 2087 113,
642 2015 774 2097 *epodas
794 2015 870 2091 126;
894 2016 984 2078 altera
1008 2017 1085 2079 serie
1100 2035 1148 2079 res
1162 2023 1311 2096 quattuor

157 2126 312 2201 ponuntur
335 2118 372 2178 de
394 2117 508 2178 channe
533 2115 604 2189 108,
628 2118 730 2196 glauco
759 2118 826 2189 117,
848 2116 977 2194 pompilo
1003 2116 1073 2188 101,
1103 2116 1217 2177 chromi
1242 2114 1308 2179 121

159 2218 319 2300 (pompilos
342 2217 486 2278 molestus
510 2218 641 2295 magisne
676 2213 753 2294 apud
778 2213 906 2274 Plinium
942 2230 981 2273 an
1010 2213 1042 2273 in
1075 2213 1140 2294 ipso
1174 2216 1312 2278 carmine

159 2325 273 2381 rectum
297 2318 397 2378 locum
422 2316 553 2377 amiserit
574 2315 652 2376 infra
668 2312 868 2393 quaeramus),
893 2311 1001 2391 quibus
1024 2312 1142 2374 additur
1164 2313 1311 2377 observa·

160 2417 290 2480 tiuncula
313 2415 409 2495 ahqua
432 2414 524 2493 ipsius
547 2413 624 2475 Plini
647 2413 684 2473 de
706 2429 793 2472 versu
816 2411 867 2472 96.
910 2413 953 2472 lta
975 2410 1064 2472 etiam
1088 2416 1106 2486 6
1132 2413 1221 2492 llsq.
1244 2413 1311 2476 Pli-

161 2517 230 2578 nius
251 2513 385 2595 priorem
408 2511 546 2574 carminis
576 2519 689 2592 partem
713 2511 846 2571 referens
877 2528 979 2573 rerum
1003 2509 1140 2571 ordinem
1163 2511 1308 2573 retinuit:

159 2633 274 2676 scarum
300 2633 336 2674 ex
357 2631 384 2673 r.
400 2611 430 2690 9,
452 2611 556 2691 lupum
578 2609 629 2684 23,
653 2627 827 2670 muraenam
848 2606 899 2679 27,
923 2609 1064 2688 polypum
1088 2607 1138 2681 32,
1162 2608 1309 2690 mugilem

161 2713 211 2786 38,
239 2714 342 2793 lupum
367 2708 417 2779 39,
450 2728 624 2771 muraenam
648 2707 698 2782 43,
727 2706 859 2768 anthiam
882 2706 933 2768 46.
977 2707 1071 2768 Porro
1096 2707 1209 2769 Plinius
1232 2708 1309 2771 dum

160 2812 290 2892 excerpit
311 2810 433 2871 nomina
449 2827 551 2870 carere
567 2807 716 2870 adiectivis
732 2806 914 2866 ornamentis
930 2806 1027 2866 noluit
1041 2805 1191 2886 nisiouae
1203 2817 1310 2871 carent

159 2911 276 2991 inipso
299 2915 447 2988 poemate,
470 2906 549 2987 quod
575 2906 649 2967 valet
672 2905 817 2977 debore,
842 2905 878 2964 de
900 2922 997 2984 perca,
1022 2906 1059 2967 de
1081 2914 1174 2984 trago,
1204 2922 1309 2986 neque

160 3027 222 3069 non
246 3006 388 3069 nimirum
417 3006 454 3067 de
477 3005 570 3084 orpho
599 3003 708 3083 quippe
737 3022 825 3083 quem
854 3009 940 3081 poeta
968 3003 1155 3065 concolorem
1184 3004 1309 3084 quidem

160 3107 300 3170 cantharo
324 3104 445 3177 dixerat,
468 3111 498 3164 at
520 3120 580 3165 non
603 3103 701 3181 ipsum
724 3100 836 3163 dixerat
850 3100 982 3162 canthari
1006 3101 1136 3162 abstrusi
1158 3102 1307 3167 colorem!

159 3207 262 3285 ltaque
284 3202 401 3281 nigrum
424 3209 541 3280 tergore
563 3200 656 3262 iulum
687 3209 717 3260 et
744 3201 832 3280 plene
857 3200 1026 3280 repetiisset
1048 3200 1163 3262 Plinius
1184 3208 1216 3262 et
1237 3211 1310 3283 post

160 3301 289 3384 erythini
313 3300 494 3362 mentionem
510 3299 626 3361 factam.
663 3297 754 3377 Magis
777 3299 864 3360 etiam
888 3299 924 3359 ab
946 3298 1003 3360 ista
1026 3299 1196 3361 coniectura
1209 3300 1309 3364 Lach-

161 3420 288 3465 mannus
322 3399 516 3462 abstinuisset
549 3398 574 3460 si
598 3399 782 3478 explorasset
814 3415 895 3458 rem:
930 3393 1041 3470 ἵοολος
1073 3398 1213 3479 appellari
1242 3417 1308 3463 non

159 3501 247 3582 piscis
270 3500 355 3571 solet,
378 3499 429 3561 sed
451 3517 565 3561 vermes
582 3496 679 3578 qualia
701 3494 743 3558 τὰ
765 3491 879 3578 ἔντερα
900 3495 957 3578 τῆς
978 3494 1036 3576 γῆς
1052 3494 1125 3559 dixit
1140 3497 1308 3562 Numenius

161 3601 323 3680 (411144.ο.
341 3597 458 3674 3051),
480 3597 633 3678 pertinens
658 3597 692 3658 ad
716 3595 828 3656 insecta
852 3594 905 3656 alis
921 3595 1058 3668 carentia,
1081 3594 1202 3657 hristot
1219 3596 1255 3658 fl.
1271 3597 1305 3659 Α.

160 3719 189 3779 p.
202 3695 295 3758 52311
310 3695 349 3758 18
361 3696 406 3759 ed.
418 3696 506 3757 head.
519 3694 582 3757 Ber.
606 3694 699 3755 Piscis
713 3691 826 3766 ἷοολίς,
842 3711 962 3772 semper
975 3693 1053 3773 apud
1069 3694 1229 3773 prosaicos,
1242 3695 1308 3758 1444

159 3815 279 3875 semper
298 3795 375 3874 apud
398 3801 501 3874 poetas
524 3793 574 3872 (41.
597 3793 689 3855 schol.
714 3791 840 3871 Oppian.
864 3792 927 3852 Hal.
950 3792 976 3852 ll
1000 3789 1091 3870 434),
1118 3801 1165 3853 144
1184 3800 1305 3856 tantum

158 3896 287 3958 formam
307 3891 416 3956 ἴουλοι
436 3893 565 3972 supponi
588 3892 683 3963 rideo,
706 3891 737 3951 in
753 3890 957 3953 Eratosthenis
972 3890 1079 3951 Herma
1103 3892 1181 3969 apud
1197 3892 1304 3954 Athen.

160 4014 189 4073 p.
205 3991 268 4055 284
283 3991 314 4065 0,
341 3993 419 4072 apud
443 3990 611 4071 Oppianum
634 3990 697 4051 llal.
718 3990 758 4050 lll
782 3989 841 4052 186
870 3989 1039 4068 (capiuntur
1067 3988 1188 4068 quidem
1215 3990 1305 4052 etiam

160 4109 260 4153 verme
283 4091 394 4170 pisces;
423 4089 471 4151 hio
501 4096 602 4150 tamen
630 4088 728 4151 notari
752 4087 864 4167 piscem
891 4087 1004 4165 reliqua
1031 4085 1193 4163 evincunt),
1224 4089 1304 4168 apud

159 4188 329 4250 ldaroollum
353 4187 443 4249 Sidet.
460 4207 485 4248 v.
506 4187 554 4264 15,
577 4204 695 4266 semper
716 4187 748 4247 in
771 4187 832 4247 bne
856 4186 943 4246 metri
965 4185 1016 4247 ubi
1040 4182 1184 4258 ἰουλίδες
1205 4186 1305 4249 locum

160 4304 223 4347 non
245 4287 403 4351 habehant.
436 4287 540 4365 ltaque
561 4286 690 4347 tonnam
712 4285 791 4346 illam
814 4283 946 4345 nominis
962 4285 1056 4346 doctis
1079 4283 1170 4364 epicis
1192 4285 1305 4364 graecis

161 4402 331 4447 concessam
358 4384 484 4446 latinum
513 4384 690 4465 scriptorem
720 4382 894 4464 praetulisse
923 4383 989 4463 quis
1017 4382 1073 4444 sibi
1104 4382 1305 4464 persuadeat?
