<?xml version="1.0" encoding="UTF-8"?>
<!DOCTYPE html PUBLIC "-//W3C//DTD XHTML 1.0 Transitional//EN"
    "http://www.w3.org/TR/xhtml1/DTD/xhtml1-transitional.dtd">
<html xmlns="http://www.w3.org/1999/xhtml" xml:lang="en" lang="en">
 <head>
  <title>
</title>
<meta http-equiv="Content-Type" content="text/html;charset=utf-8" />
  <meta name='ocr-system' content='tesseract 3.04.00' />
  <meta name='ocr-capabilities' content='ocr_page ocr_carea ocr_par ocr_line ocrx_word'/>
</head>
<body>
  <div class='ocr_page' id='page_1' title='image "./dehalieuticisov01birtgoog_0089.png"; bbox 0 0 2924 5018; ppageno 0'>
   <div class='ocr_carea' id='block_1_1' title="bbox 616 272 836 342">
    <p class='ocr_par' dir='ltr' id='par_1_1' title="bbox 616 272 836 342">
     <span class='ocr_line' id='line_1_1' title="bbox 616 272 836 342; baseline -0.009 -18"><span class='ocrx_word' id='word_1_1' title='bbox 616 272 836 342; x_wconf 65' lang='lat'>..68-</span> 
     </span>
    </p>
   </div>
   <div class='ocr_carea' id='block_1_2' title="bbox 91 449 1309 1033">
    <p class='ocr_par' dir='ltr' id='par_1_2' title="bbox 91 449 1309 1033">
     <span class='ocr_line' id='line_1_2' title="bbox 156 449 1304 537; baseline -0.008 -17"><span class='ocrx_word' id='word_1_2' title='bbox 156 451 346 537; x_wconf 69' lang='lat' dir='ltr'><strong>odiddvpoe</strong></span> <span class='ocrx_word' id='word_1_3' title='bbox 357 455 503 536; x_wconf 77' lang='lat' dir='ltr'><strong>Hesychi).</strong></span> <span class='ocrx_word' id='word_1_4' title='bbox 527 454 676 517; x_wconf 75' lang='lat' dir='ltr'>Aristaeus</span> <span class='ocrx_word' id='word_1_5' title='bbox 691 473 760 516; x_wconf 84' lang='lat' dir='ltr'><strong>uero</strong></span> <span class='ocrx_word' id='word_1_6' title='bbox 776 455 850 516; x_wconf 88' lang='lat' dir='ltr'><strong>deus</strong></span> <span class='ocrx_word' id='word_1_7' title='bbox 865 453 897 515; x_wconf 92' lang='lat' dir='ltr'><strong>in</strong></span> <span class='ocrx_word' id='word_1_8' title='bbox 912 450 1085 533; x_wconf 75' lang='lat' dir='ltr'><strong>cynegeticis</strong></span> <span class='ocrx_word' id='word_1_9' title='bbox 1100 449 1227 513; x_wconf 81' lang='lat' dir='ltr'><strong>addictis</strong></span> <span class='ocrx_word' id='word_1_10' title='bbox 1240 450 1304 531; x_wconf 86' lang='lat' dir='ltr'><strong>Op·</strong></span> 
     </span>
     <span class='ocr_line' id='line_1_3' title="bbox 156 548 1305 636; baseline -0.006 -19"><span class='ocrx_word' id='word_1_11' title='bbox 156 557 245 636; x_wconf 84' lang='lat' dir='ltr'>piano</span> <span class='ocrx_word' id='word_1_12' title='bbox 268 556 302 617; x_wconf 92' lang='lat' dir='ltr'><strong>ad</strong></span> <span class='ocrx_word' id='word_1_13' title='bbox 324 554 509 627; x_wconf 89' lang='lat' dir='ltr'><strong>venationem</strong></span> <span class='ocrx_word' id='word_1_14' title='bbox 526 554 626 615; x_wconf 90' lang='lat' dir='ltr'><strong>minus</strong></span> <span class='ocrx_word' id='word_1_15' title='bbox 648 553 785 632; x_wconf 82' lang='lat' dir='ltr'><strong>pertinet,</strong></span> <span class='ocrx_word' id='word_1_16' title='bbox 806 555 858 614; x_wconf 92' lang='lat' dir='ltr'><strong>sed</strong></span> <span class='ocrx_word' id='word_1_17' title='bbox 879 551 987 632; x_wconf 82' lang='lat' dir='ltr'><strong>legitur</strong></span> <span class='ocrx_word' id='word_1_18' title='bbox 1007 551 1044 613; x_wconf 91' lang='lat' dir='ltr'><strong>de</strong></span> <span class='ocrx_word' id='word_1_19' title='bbox 1064 568 1099 612; x_wconf 90' lang='lat' dir='ltr'><strong>eo</strong></span> <span class='ocrx_word' id='word_1_20' title='bbox 1113 551 1151 612; x_wconf 86' lang='lat' dir='ltr'><strong>lv</strong></span> <span class='ocrx_word' id='word_1_21' title='bbox 1167 548 1305 630; x_wconf 60' lang='lat' dir='ltr'><strong>anese:</strong></span> 
     </span>
     <span class='ocr_line' id='line_1_4' title="bbox 156 645 1307 735; baseline -0.004 -20"><span class='ocrx_word' id='word_1_22' title='bbox 156 653 286 735; x_wconf 75' lang='grc' dir='ltr'><strong><em>πρῶτος</em></strong></span> <span class='ocrx_word' id='word_1_23' title='bbox 308 654 488 734; x_wconf 75' lang='grc' dir='ltr'><strong><em>ποιμένων</em></strong></span> <span class='ocrx_word' id='word_1_24' title='bbox 525 649 696 733; x_wconf 69' lang='grc' dir='ltr'><strong><em>ἱδρύσατο,</em></strong></span> <span class='ocrx_word' id='word_1_25' title='bbox 728 651 857 732; x_wconf 75' lang='grc' dir='ltr'><strong><em>πρῶτος</em></strong></span> <span class='ocrx_word' id='word_1_26' title='bbox 891 645 1015 723; x_wconf 72' lang='grc' dir='ltr'><strong><em>ἐκεῖνος</em></strong></span> <span class='ocrx_word' id='word_1_27' title='bbox 1047 645 1197 731; x_wconf 74' lang='grc' dir='ltr'><strong><em>καρποὺς</em></strong></span> <span class='ocrx_word' id='word_1_28' title='bbox 1225 667 1307 729; x_wconf 78' lang='lat' dir='ltr'><strong>eqs.3</strong></span> 
     </span>
     <span class='ocr_line' id='line_1_5' title="bbox 155 746 1308 830; baseline -0.004 -17"><span class='ocrx_word' id='word_1_29' title='bbox 155 752 247 813; x_wconf 90' lang='lat' dir='ltr'>nihilo</span> <span class='ocrx_word' id='word_1_30' title='bbox 269 746 518 814; x_wconf 62' lang='lat' dir='ltr'><strong>setius‘rcnatico</strong></span> <span class='ocrx_word' id='word_1_31' title='bbox 533 751 628 813; x_wconf 81' lang='lat' dir='ltr'><strong>&#39;alicui</strong></span> <span class='ocrx_word' id='word_1_32' title='bbox 656 751 778 813; x_wconf 82' lang='lat' dir='ltr'><strong>carmini</strong></span> <span class='ocrx_word' id='word_1_33' title='bbox 804 751 992 812; x_wconf 90' lang='lat' dir='ltr'><strong>inventorem</strong></span> <span class='ocrx_word' id='word_1_34' title='bbox 1019 748 1190 830; x_wconf 90' lang='lat' dir='ltr'><strong>pedicarum</strong></span> <span class='ocrx_word' id='word_1_35' title='bbox 1220 746 1308 809; x_wconf 83' lang='lat' dir='ltr'><strong>dabie</strong></span> 
     </span>
     <span class='ocr_line' id='line_1_6' title="bbox 91 847 1309 930; baseline -0.002 -19"><span class='ocrx_word' id='word_1_36' title='bbox 91 901 93 904; x_wconf 93' lang='lat'>.</span> <span class='ocrx_word' id='word_1_37' title='bbox 156 850 257 912; x_wconf 85' lang='lat' dir='ltr'><strong>Gratio</strong></span> <span class='ocrx_word' id='word_1_38' title='bbox 279 850 408 912; x_wconf 83' lang='lat' dir='ltr'><strong>maxime</strong></span> <span class='ocrx_word' id='word_1_39' title='bbox 429 850 461 911; x_wconf 94' lang='lat' dir='ltr'><strong>in</strong></span> <span class='ocrx_word' id='word_1_40' title='bbox 485 850 736 930; x_wconf 81' lang='lat' dir='ltr'><strong>comparationem</strong></span> <span class='ocrx_word' id='word_1_41' title='bbox 761 857 871 911; x_wconf 85' lang='lat' dir='ltr'><strong>vocato.</strong></span> <span class='ocrx_word' id='word_1_42' title='bbox 910 849 1000 911; x_wconf 87' lang='lat' dir='ltr'><strong>Cuius</strong></span> <span class='ocrx_word' id='word_1_43' title='bbox 1022 847 1109 909; x_wconf 90' lang='lat' dir='ltr'><strong>verba</strong></span> <span class='ocrx_word' id='word_1_44' title='bbox 1131 855 1309 926; x_wconf 84' lang='lat' dir='ltr'><strong>quaesunt</strong></span> 
     </span>
     <span class='ocr_line' id='line_1_7' title="bbox 156 947 954 1033; baseline -0.004 -22"><span class='ocrx_word' id='word_1_45' title='bbox 156 948 239 1033; x_wconf 65' lang='lat' dir='ltr'><strong>aaa</strong></span> <span class='ocrx_word' id='word_1_46' title='bbox 255 968 320 1029; x_wconf 87' lang='lat' dir='ltr'><strong>sqq.</strong></span> <span class='ocrx_word' id='word_1_47' title='bbox 343 947 430 1028; x_wconf 89' lang='lat' dir='ltr'><strong>paulo</strong></span> <span class='ocrx_word' id='word_1_48' title='bbox 453 948 654 1011; x_wconf 81' lang='lat' dir='ltr'><strong>emendatiora</strong></span> <span class='ocrx_word' id='word_1_49' title='bbox 674 948 876 1010; x_wconf 89' lang='lat' dir='ltr'><strong>adscribemus</strong></span> <span class='ocrx_word' id='word_1_50' title='bbox 900 948 954 1009; x_wconf 88' lang='lat' dir='ltr'><strong>ita:</strong></span> 
     </span>
    </p>
   </div>
   <div class='ocr_carea' id='block_1_3' title="bbox 258 1057 1036 1339">
    <p class='ocr_par' dir='ltr' id='par_1_3' title="bbox 258 1057 1036 1339">
     <span class='ocr_line' id='line_1_8' title="bbox 258 1057 952 1142; baseline 0 -22"><span class='ocrx_word' id='word_1_51' title='bbox 258 1057 357 1134; x_wconf 77' lang='lat' dir='ltr'><strong>Quid?</strong></span> <span class='ocrx_word' id='word_1_52' title='bbox 381 1060 430 1142; x_wconf 91' lang='lat' dir='ltr'><strong>qui</strong></span> <span class='ocrx_word' id='word_1_53' title='bbox 452 1061 588 1122; x_wconf 89' lang='lat' dir='ltr'><strong>dentatas</strong></span> <span class='ocrx_word' id='word_1_54' title='bbox 610 1061 700 1140; x_wconf 80' lang='lat' dir='ltr'><strong>iligno</strong></span> <span class='ocrx_word' id='word_1_55' title='bbox 720 1061 827 1122; x_wconf 92' lang='lat' dir='ltr'><strong>robore</strong></span> <span class='ocrx_word' id='word_1_56' title='bbox 847 1059 952 1121; x_wconf 86' lang='lat' dir='ltr'><strong>clausit</strong></span> 
     </span>
     <span class='ocr_line' id='line_1_9' title="bbox 259 1157 1014 1239; baseline -0.004 -19"><span class='ocrx_word' id='word_1_57' title='bbox 259 1160 388 1221; x_wconf 87' lang='lat' dir='ltr'><strong>Venator</strong></span> <span class='ocrx_word' id='word_1_58' title='bbox 407 1159 525 1239; x_wconf 80' lang='lat' dir='ltr'><strong>pedicas</strong></span> <span class='ocrx_word' id='word_1_59' title='bbox 548 1179 627 1222; x_wconf 94' lang='lat' dir='ltr'><strong>cum</strong></span> <span class='ocrx_word' id='word_1_60' title='bbox 649 1158 903 1221; x_wconf 88' lang='lat' dir='ltr'><strong>dissimulantibus</strong></span> <span class='ocrx_word' id='word_1_61' title='bbox 924 1157 1014 1218; x_wconf 90' lang='lat' dir='ltr'><strong>armis</strong></span> 
     </span>
     <span class='ocr_line' id='line_1_10' title="bbox 259 1253 1036 1339; baseline -0.003 -20"><span class='ocrx_word' id='word_1_62' title='bbox 259 1257 355 1338; x_wconf 86' lang='lat' dir='ltr'><strong>Saepe</strong></span> <span class='ocrx_word' id='word_1_63' title='bbox 377 1258 464 1320; x_wconf 88' lang='lat' dir='ltr'><strong>babet</strong></span> <span class='ocrx_word' id='word_1_64' title='bbox 488 1258 648 1339; x_wconf 90' lang='lat' dir='ltr'><strong>inprudens</strong></span> <span class='ocrx_word' id='word_1_65' title='bbox 668 1259 756 1320; x_wconf 88' lang='lat' dir='ltr'><strong>alieni</strong></span> <span class='ocrx_word' id='word_1_66' title='bbox 776 1259 856 1320; x_wconf 91' lang='lat' dir='ltr'><strong>lucra</strong></span> <span class='ocrx_word' id='word_1_67' title='bbox 876 1256 994 1318; x_wconf 89' lang='lat' dir='ltr'><strong>laboris.</strong></span> <span class='ocrx_word' id='word_1_68' title='bbox 1033 1253 1036 1257; x_wconf 80' lang='grc'>’</span> 
     </span>
    </p>
   </div>
   <div class='ocr_carea' id='block_1_4' title="bbox 159 1378 1313 1662">
    <p class='ocr_par' dir='ltr' id='par_1_4' title="bbox 159 1378 1313 1662">
     <span class='ocr_line' id='line_1_11' title="bbox 159 1378 1313 1465; baseline -0.003 -19"><span class='ocrx_word' id='word_1_69' title='bbox 159 1384 392 1461; x_wconf 80' lang='lat' dir='ltr'><strong>(Dissimulantia</strong></span> <span class='ocrx_word' id='word_1_70' title='bbox 412 1404 494 1447; x_wconf 87' lang='lat' dir='ltr'><strong>arma</strong></span> <span class='ocrx_word' id='word_1_71' title='bbox 513 1385 634 1465; x_wconf 86' lang='lat' dir='ltr'><strong>pedicae</strong></span> <span class='ocrx_word' id='word_1_72' title='bbox 657 1393 744 1462; x_wconf 75' lang='lat' dir='ltr'><strong>sunt,</strong></span> <span class='ocrx_word' id='word_1_73' title='bbox 771 1403 840 1447; x_wconf 92' lang='lat' dir='ltr'><strong>cum</strong></span> <span class='ocrx_word' id='word_1_74' title='bbox 865 1382 911 1445; x_wconf 92' lang='lat' dir='ltr'><strong>bis</strong></span> <span class='ocrx_word' id='word_1_75' title='bbox 931 1388 1053 1444; x_wconf 89' lang='lat' dir='ltr'><strong>venator</strong></span> <span class='ocrx_word' id='word_1_76' title='bbox 1080 1380 1168 1442; x_wconf 90' lang='lat' dir='ltr'><strong>etiam</strong></span> <span class='ocrx_word' id='word_1_77' title='bbox 1195 1378 1313 1465; x_wconf 88' lang='lat' dir='ltr'><strong>inpru-</strong></span> 
     </span>
     <span class='ocr_line' id='line_1_12' title="bbox 159 1478 1313 1565; baseline -0.001 -21"><span class='ocrx_word' id='word_1_78' title='bbox 159 1483 232 1544; x_wconf 92' lang='lat' dir='ltr'><strong>dens</strong></span> <span class='ocrx_word' id='word_1_79' title='bbox 254 1502 342 1564; x_wconf 91' lang='lat' dir='ltr'><strong>saepe</strong></span> <span class='ocrx_word' id='word_1_80' title='bbox 361 1483 442 1547; x_wconf 88' lang='lat' dir='ltr'><strong>lucra</strong></span> <span class='ocrx_word' id='word_1_81' title='bbox 461 1482 561 1558; x_wconf 89' lang='lat' dir='ltr'><strong>habet,</strong></span> <span class='ocrx_word' id='word_1_82' title='bbox 584 1502 659 1565; x_wconf 88' lang='lat' dir='ltr'><strong>quac</strong></span> <span class='ocrx_word' id='word_1_83' title='bbox 678 1483 770 1545; x_wconf 91' lang='lat' dir='ltr'><strong>labori</strong></span> <span class='ocrx_word' id='word_1_84' title='bbox 791 1481 887 1545; x_wconf 90' lang='lat' dir='ltr'><strong>alieno</strong></span> <span class='ocrx_word' id='word_1_85' title='bbox 909 1481 968 1543; x_wconf 90' lang='lat' dir='ltr'><strong>hoc</strong></span> <span class='ocrx_word' id='word_1_86' title='bbox 990 1486 1035 1542; x_wconf 89' lang='lat' dir='ltr'><strong>est</strong></span> <span class='ocrx_word' id='word_1_87' title='bbox 1056 1479 1231 1561; x_wconf 90' lang='lat' dir='ltr'><strong>pedicarum</strong></span> <span class='ocrx_word' id='word_1_88' title='bbox 1258 1478 1313 1543; x_wconf 92' lang='lat' dir='ltr'><strong>in-</strong></span> 
     </span>
     <span class='ocr_line' id='line_1_13' title="bbox 159 1580 464 1662; baseline -0.007 -18"><span class='ocrx_word' id='word_1_89' title='bbox 159 1581 276 1644; x_wconf 89' lang='lat' dir='ltr'><strong>ventori</strong></span> <span class='ocrx_word' id='word_1_90' title='bbox 296 1580 464 1662; x_wconf 85' lang='lat' dir='ltr'><strong>debentur).</strong></span> 
     </span>
    </p>
   </div>
   <div class='ocr_carea' id='block_1_5' title="bbox 197 1691 1073 1872">
    <p class='ocr_par' dir='ltr' id='par_1_5' title="bbox 197 1691 1073 1872">
     <span class='ocr_line' id='line_1_14' title="bbox 197 1691 1029 1784; baseline -0.002 -28"><span class='ocrx_word' id='word_1_91' title='bbox 197 1772 199 1777; x_wconf 22' lang='lat'><strong>¹</strong></span> <span class='ocrx_word' id='word_1_92' title='bbox 225 1757 231 1784; x_wconf 9' lang='grc' dir='ltr'><strong>Α,</strong></span> <span class='ocrx_word' id='word_1_93' title='bbox 259 1693 375 1756; x_wconf 84' lang='lat' dir='ltr'><strong>Ofelix</strong></span> <span class='ocrx_word' id='word_1_94' title='bbox 395 1692 486 1757; x_wconf 90' lang='lat' dir='ltr'><strong>tantis</strong></span> <span class='ocrx_word' id='word_1_95' title='bbox 509 1713 598 1774; x_wconf 90' lang='lat' dir='ltr'><strong>quem</strong></span> <span class='ocrx_word' id='word_1_96' title='bbox 621 1695 752 1775; x_wconf 88' lang='lat' dir='ltr'><strong>primum</strong></span> <span class='ocrx_word' id='word_1_97' title='bbox 774 1691 919 1755; x_wconf 90' lang='lat' dir='ltr'><strong>industria</strong></span> <span class='ocrx_word' id='word_1_98' title='bbox 939 1692 1029 1755; x_wconf 88' lang='lat' dir='ltr'><strong>rebus</strong></span> 
     </span>
     <span class='ocr_line' id='line_1_15' title="bbox 260 1789 1073 1872; baseline -0.002 -18"><span class='ocrx_word' id='word_1_99' title='bbox 260 1793 394 1855; x_wconf 87' lang='lat' dir='ltr'><strong>Prodidit</strong></span> <span class='ocrx_word' id='word_1_100' title='bbox 413 1789 582 1855; x_wconf 85' lang='lat' dir='ltr'><strong>auctorem!</strong></span> <span class='ocrx_word' id='word_1_101' title='bbox 614 1792 693 1854; x_wconf 86' lang='lat' dir='ltr'><strong>Deus</strong></span> <span class='ocrx_word' id='word_1_102' title='bbox 715 1792 765 1854; x_wconf 89' lang='lat' dir='ltr'><strong>illc</strong></span> <span class='ocrx_word' id='word_1_103' title='bbox 785 1809 824 1854; x_wconf 93' lang='lat' dir='ltr'><strong>an</strong></span> <span class='ocrx_word' id='word_1_104' title='bbox 843 1809 988 1872; x_wconf 84' lang='lat' dir='ltr'><strong>proxuma</strong></span> <span class='ocrx_word' id='word_1_105' title='bbox 1008 1789 1073 1852; x_wconf 90' lang='lat' dir='ltr'><strong>divo</strong></span> 
     </span>
    </p>
   </div>
   <div class='ocr_carea' id='block_1_6' title="bbox 260 1888 1100 2071">
    <p class='ocr_par' dir='ltr' id='par_1_6' title="bbox 260 1888 1100 2071">
     <span class='ocr_line' id='line_1_16' title="bbox 260 1888 1100 1971; baseline -0.004 -19"><span class='ocrx_word' id='word_1_106' title='bbox 260 1892 342 1954; x_wconf 89' lang='lat' dir='ltr'><strong>llens</strong></span> <span class='ocrx_word' id='word_1_107' title='bbox 364 1891 429 1962; x_wconf 88' lang='lat' dir='ltr'><strong>fuit,</strong></span> <span class='ocrx_word' id='word_1_108' title='bbox 451 1891 484 1952; x_wconf 92' lang='lat' dir='ltr'><strong>in</strong></span> <span class='ocrx_word' id='word_1_109' title='bbox 504 1910 603 1953; x_wconf 90' lang='lat' dir='ltr'><strong>caecas</strong></span> <span class='ocrx_word' id='word_1_110' title='bbox 625 1890 718 1953; x_wconf 91' lang='lat' dir='ltr'><strong>aciem</strong></span> <span class='ocrx_word' id='word_1_111' title='bbox 741 1910 816 1971; x_wconf 88' lang='lat' dir='ltr'><strong>quae</strong></span> <span class='ocrx_word' id='word_1_112' title='bbox 836 1909 941 1970; x_wconf 85' lang='lat' dir='ltr'><strong>magua</strong></span> <span class='ocrx_word' id='word_1_113' title='bbox 962 1888 1100 1951; x_wconf 87' lang='lat' dir='ltr'><strong>tenebras</strong></span> 
     </span>
     <span class='ocr_line' id='line_1_17' title="bbox 260 1986 967 2071; baseline 0.001 -22"><span class='ocrx_word' id='word_1_114' title='bbox 260 1988 326 2069; x_wconf 82' lang='lat' dir='ltr'><strong>Egit</strong></span> <span class='ocrx_word' id='word_1_115' title='bbox 346 1997 376 2051; x_wconf 91' lang='lat' dir='ltr'><strong>et</strong></span> <span class='ocrx_word' id='word_1_116' title='bbox 395 1989 532 2069; x_wconf 83' lang='lat' dir='ltr'><strong>ignarum</strong></span> <span class='ocrx_word' id='word_1_117' title='bbox 553 1990 683 2071; x_wconf 80' lang='lat' dir='ltr'><strong>perfudit</strong></span> <span class='ocrx_word' id='word_1_118' title='bbox 704 1990 818 2052; x_wconf 90' lang='lat' dir='ltr'><strong>lumine</strong></span> <span class='ocrx_word' id='word_1_119' title='bbox 839 1986 967 2070; x_wconf 69' lang='lat' dir='ltr'><strong>vulgus?</strong></span> 
     </span>
    </p>
   </div>
   <div class='ocr_carea' id='block_1_7' title="bbox 158 2096 1314 3378">
    <p class='ocr_par' dir='ltr' id='par_1_7' title="bbox 158 2096 1314 2985">
     <span class='ocr_line' id='line_1_18' title="bbox 158 2096 1312 2183; baseline -0.003 -21"><span class='ocrx_word' id='word_1_120' title='bbox 158 2101 254 2163; x_wconf 91' lang='lat' dir='ltr'><strong>Habes</strong></span> <span class='ocrx_word' id='word_1_121' title='bbox 269 2102 359 2182; x_wconf 82' lang='lat' dir='ltr'><strong>igitur</strong></span> <span class='ocrx_word' id='word_1_122' title='bbox 373 2102 422 2163; x_wconf 90' lang='lat' dir='ltr'><strong>bic</strong></span> <span class='ocrx_word' id='word_1_123' title='bbox 436 2121 552 2183; x_wconf 88' lang='lat' dir='ltr'><strong>quoque</strong></span> <span class='ocrx_word' id='word_1_124' title='bbox 567 2103 658 2164; x_wconf 93' lang='lat' dir='ltr'><strong>deum</strong></span> <span class='ocrx_word' id='word_1_125' title='bbox 674 2105 719 2165; x_wconf 84' lang='lat' dir='ltr'><strong>uel</strong></span> <span class='ocrx_word' id='word_1_126' title='bbox 733 2103 897 2165; x_wconf 91' lang='lat' dir='ltr'><strong>semideum</strong></span> <span class='ocrx_word' id='word_1_127' title='bbox 923 2099 973 2180; x_wconf 92' lang='lat' dir='ltr'><strong>qui</strong></span> <span class='ocrx_word' id='word_1_128' title='bbox 994 2099 1136 2181; x_wconf 90' lang='lat' dir='ltr'><strong>primus</strong></span> <span class='ocrx_word' id='word_1_129' title='bbox 1158 2096 1312 2180; x_wconf 85' lang='lat' dir='ltr'><strong>pedicas</strong></span> 
     </span>
     <span class='ocr_line' id='line_1_19' title="bbox 159 2196 1312 2292; baseline -0.001 -30"><span class='ocrx_word' id='word_1_130' title='bbox 159 2200 294 2263; x_wconf 88' lang='lat' dir='ltr'><strong>dentatas</strong></span> <span class='ocrx_word' id='word_1_131' title='bbox 316 2200 432 2280; x_wconf 84' lang='lat' dir='ltr'><strong>iligno</strong></span> <span class='ocrx_word' id='word_1_132' title='bbox 453 2202 592 2292; x_wconf 73' lang='lat' dir='ltr'><strong>robore</strong></span> <span class='ocrx_word' id='word_1_133' title='bbox 614 2201 801 2265; x_wconf 89' lang='lat' dir='ltr'><strong>clauserit.</strong></span> <span class='ocrx_word' id='word_1_134' title='bbox 839 2199 981 2264; x_wconf 84' lang='lat' dir='ltr'><strong>Similiter</strong></span> <span class='ocrx_word' id='word_1_135' title='bbox 1002 2198 1145 2262; x_wconf 91' lang='lat' dir='ltr'><strong>nonnulla</strong></span> <span class='ocrx_word' id='word_1_136' title='bbox 1168 2196 1247 2259; x_wconf 83' lang='lat' dir='ltr'><strong>dicta</strong></span> <span class='ocrx_word' id='word_1_137' title='bbox 1271 2198 1312 2261; x_wconf 87' lang='lat' dir='ltr'><strong>dc</strong></span> 
     </span>
     <span class='ocr_line' id='line_1_20' title="bbox 162 2296 1314 2380; baseline -0.001 -20"><span class='ocrx_word' id='word_1_138' title='bbox 162 2298 297 2361; x_wconf 80' lang='lat' dir='ltr'><strong>Aristaeo</strong></span> <span class='ocrx_word' id='word_1_139' title='bbox 324 2300 403 2380; x_wconf 90' lang='lat' dir='ltr'><strong>apud</strong></span> <span class='ocrx_word' id='word_1_140' title='bbox 430 2300 590 2380; x_wconf 85' lang='lat' dir='ltr'><strong>Vergilium</strong></span> <span class='ocrx_word' id='word_1_141' title='bbox 617 2300 721 2379; x_wconf 83' lang='lat' dir='ltr'><strong>Georg.</strong></span> <span class='ocrx_word' id='word_1_142' title='bbox 739 2296 866 2362; x_wconf 81' lang='lat' dir='ltr'>1v283:</span> <span class='ocrx_word' id='word_1_143' title='bbox 897 2297 1015 2360; x_wconf 78' lang='lat' dir='ltr'><strong>Arcadii</strong></span> <span class='ocrx_word' id='word_1_144' title='bbox 1039 2296 1229 2360; x_wconf 83' lang='lat' dir='ltr'><strong>memorande</strong></span> <span class='ocrx_word' id='word_1_145' title='bbox 1252 2296 1314 2359; x_wconf 76' lang='grc' dir='ltr'><strong>’ἱπ-</strong></span> 
     </span>
     <span class='ocr_line' id='line_1_21' title="bbox 160 2395 1311 2478; baseline 0 -21"><span class='ocrx_word' id='word_1_146' title='bbox 160 2407 245 2460; x_wconf 81' lang='lat' dir='ltr'><strong>ventu</strong></span> <span class='ocrx_word' id='word_1_147' title='bbox 270 2402 402 2478; x_wconf 67' lang='lat' dir='ltr'><strong>mouistre&#39;</strong></span> <span class='ocrx_word' id='word_1_148' title='bbox 422 2405 452 2460; x_wconf 92' lang='lat' dir='ltr'><strong>et</strong></span> <span class='ocrx_word' id='word_1_149' title='bbox 468 2399 545 2460; x_wconf 81' lang='lat'>315:</span> <span class='ocrx_word' id='word_1_150' title='bbox 573 2397 645 2471; x_wconf 83' lang='lat' dir='ltr'><strong>Quis</strong></span> <span class='ocrx_word' id='word_1_151' title='bbox 668 2400 736 2462; x_wconf 84' lang='lat' dir='ltr'><strong>deus</strong></span> <span class='ocrx_word' id='word_1_152' title='bbox 756 2399 841 2470; x_wconf 83' lang='lat' dir='ltr'><strong>banc,</strong></span> <span class='ocrx_word' id='word_1_153' title='bbox 869 2396 978 2469; x_wconf 84' lang='lat' dir='ltr'><strong>Musae,</strong></span> <span class='ocrx_word' id='word_1_154' title='bbox 1009 2399 1070 2477; x_wconf 80' lang='lat' dir='ltr'><strong>puis</strong></span> <span class='ocrx_word' id='word_1_155' title='bbox 1091 2396 1172 2459; x_wconf 70' lang='lat' dir='ltr'><strong>nobb</strong></span> <span class='ocrx_word' id='word_1_156' title='bbox 1191 2395 1311 2466; x_wconf 69' lang='lat' dir='ltr'><strong>extudit</strong></span> 
     </span>
     <span class='ocr_line' id='line_1_22' title="bbox 160 2491 1311 2578; baseline 0.001 -22"><span class='ocrx_word' id='word_1_157' title='bbox 160 2505 259 2567; x_wconf 86' lang='lat' dir='ltr'><strong>artem,</strong></span> <span class='ocrx_word' id='word_1_158' title='bbox 283 2495 364 2559; x_wconf 82' lang='lat' dir='ltr'><strong>Unde</strong></span> <span class='ocrx_word' id='word_1_159' title='bbox 383 2516 458 2570; x_wconf 78' lang='lat' dir='ltr'><strong>occu</strong></span> <span class='ocrx_word' id='word_1_160' title='bbox 482 2501 627 2577; x_wconf 68' lang='lat' dir='ltr'><strong>repressos</strong></span> <span class='ocrx_word' id='word_1_161' title='bbox 648 2499 794 2560; x_wconf 80' lang='lat' dir='ltr'><strong>bominum</strong></span> <span class='ocrx_word' id='word_1_162' title='bbox 816 2499 992 2578; x_wconf 81' lang='lat' dir='ltr'><strong>cooperientia</strong></span> <span class='ocrx_word' id='word_1_163' title='bbox 1014 2499 1084 2576; x_wconf 77' lang='lat' dir='ltr'><strong>cepit</strong></span> <span class='ocrx_word' id='word_1_164' title='bbox 1109 2502 1140 2556; x_wconf 89' lang='lat' dir='ltr'><strong>et</strong></span> <span class='ocrx_word' id='word_1_165' title='bbox 1154 2491 1234 2573; x_wconf 70' lang='lat'><strong>358?</strong></span> <span class='ocrx_word' id='word_1_166' title='bbox 1254 2495 1311 2574; x_wconf 71' lang='lat' dir='ltr'><strong>for</strong></span> 
     </span>
     <span class='ocr_line' id='line_1_23' title="bbox 158 2593 1310 2677; baseline 0.001 -23"><span class='ocrx_word' id='word_1_167' title='bbox 158 2593 206 2655; x_wconf 83' lang='lat' dir='ltr'><strong>e‘lb‘</strong></span> <span class='ocrx_word' id='word_1_168' title='bbox 230 2594 331 2658; x_wconf 73' lang='lat' dir='ltr'><strong>lobeton</strong></span> <span class='ocrx_word' id='word_1_169' title='bbox 353 2596 447 2658; x_wconf 82' lang='lat' dir='ltr'><strong>divom</strong></span> <span class='ocrx_word' id='word_1_170' title='bbox 472 2594 597 2677; x_wconf 71' lang='lat' dir='ltr'><strong>Tempore</strong></span> <span class='ocrx_word' id='word_1_171' title='bbox 624 2603 654 2658; x_wconf 89' lang='lat' dir='ltr'><strong>et</strong></span> <span class='ocrx_word' id='word_1_172' title='bbox 670 2595 747 2657; x_wconf 76' lang='lat'><strong>322:</strong></span> <span class='ocrx_word' id='word_1_173' title='bbox 770 2595 926 2675; x_wconf 83' lang='lat' dir='ltr'><strong>praeclara</strong></span> <span class='ocrx_word' id='word_1_174' title='bbox 946 2598 1032 2674; x_wconf 79' lang='lat' dir='ltr'><strong>stirpe</strong></span> <span class='ocrx_word' id='word_1_175' title='bbox 1059 2594 1185 2655; x_wconf 78' lang='lat' dir='ltr'><strong>deornm</strong></span> <span class='ocrx_word' id='word_1_176' title='bbox 1230 2593 1310 2655; x_wconf 87' lang='lat' dir='ltr'><strong>ltern</strong></span> 
     </span>
     <span class='ocr_line' id='line_1_24' title="bbox 161 2689 1310 2776; baseline -0.001 -23"><span class='ocrx_word' id='word_1_177' title='bbox 161 2693 273 2773; x_wconf 92' lang='lat' dir='ltr'><strong>optime</strong></span> <span class='ocrx_word' id='word_1_178' title='bbox 309 2694 342 2756; x_wconf 92' lang='lat' dir='ltr'><strong>in</strong></span> <span class='ocrx_word' id='word_1_179' title='bbox 376 2714 475 2757; x_wconf 91' lang='lat' dir='ltr'><strong>mores</strong></span> <span class='ocrx_word' id='word_1_180' title='bbox 504 2693 631 2756; x_wconf 82' lang='lat' dir='ltr'><strong>Aristaei</strong></span> <span class='ocrx_word' id='word_1_181' title='bbox 665 2695 810 2776; x_wconf 88' lang='lat' dir='ltr'><strong>quadrare</strong></span> <span class='ocrx_word' id='word_1_182' title='bbox 841 2694 925 2756; x_wconf 86' lang='lat' dir='ltr'><strong>video</strong></span> <span class='ocrx_word' id='word_1_183' title='bbox 961 2712 1035 2774; x_wconf 89' lang='lat' dir='ltr'><strong>quae</strong></span> <span class='ocrx_word' id='word_1_184' title='bbox 1066 2691 1184 2755; x_wconf 86' lang='lat' dir='ltr'><strong>Gratius</strong></span> <span class='ocrx_word' id='word_1_185' title='bbox 1214 2689 1310 2753; x_wconf 85' lang='lat' dir='ltr'><strong>babet</strong></span> 
     </span>
     <span class='ocr_line' id='line_1_25' title="bbox 160 2792 359 2874; baseline 0.01 -22"><span class='ocrx_word' id='word_1_186' title='bbox 160 2811 187 2852; x_wconf 86' lang='lat' dir='ltr'><strong>v.</strong></span> <span class='ocrx_word' id='word_1_187' title='bbox 206 2792 265 2853; x_wconf 88' lang='lat'><strong>103</strong></span> <span class='ocrx_word' id='word_1_188' title='bbox 278 2811 359 2874; x_wconf 86' lang='lat' dir='ltr'><strong>sqq.:</strong></span> 
     </span>
     <span class='ocr_line' id='line_1_26' title="bbox 360 2903 955 2985; baseline 0.002 -20"><span class='ocrx_word' id='word_1_189' title='bbox 360 2903 439 2965; x_wconf 90' lang='lat' dir='ltr'><strong>Haut</strong></span> <span class='ocrx_word' id='word_1_190' title='bbox 460 2904 510 2965; x_wconf 94' lang='lat' dir='ltr'><strong>illo</strong></span> <span class='ocrx_word' id='word_1_191' title='bbox 533 2904 691 2984; x_wconf 88' lang='lat' dir='ltr'><strong>quisquam</strong></span> <span class='ocrx_word' id='word_1_192' title='bbox 711 2922 743 2966; x_wconf 90' lang='lat' dir='ltr'><strong>se</strong></span> <span class='ocrx_word' id='word_1_193' title='bbox 764 2903 872 2966; x_wconf 89' lang='lat' dir='ltr'><strong>iustior</strong></span> <span class='ocrx_word' id='word_1_194' title='bbox 894 2905 955 2985; x_wconf 83' lang='lat' dir='ltr'><strong>egit</strong></span> 
     </span>
    </p>

    <p class='ocr_par' dir='ltr' id='par_1_8' title="bbox 260 3002 1018 3065">
     <span class='ocr_line' id='line_1_27' title="bbox 260 3002 1018 3065; baseline 0 -3"><span class='ocrx_word' id='word_1_195' title='bbox 260 3003 321 3064; x_wconf 82' lang='lat' dir='ltr'><strong>Aut</strong></span> <span class='ocrx_word' id='word_1_196' title='bbox 340 3002 399 3063; x_wconf 88' lang='lat' dir='ltr'><strong>tuit</strong></span> <span class='ocrx_word' id='word_1_197' title='bbox 420 3002 452 3063; x_wconf 95' lang='lat' dir='ltr'><strong>in</strong></span> <span class='ocrx_word' id='word_1_198' title='bbox 472 3003 560 3065; x_wconf 89' lang='lat' dir='ltr'><strong>terris</strong></span> <span class='ocrx_word' id='word_1_199' title='bbox 580 3003 681 3064; x_wconf 85' lang='lat' dir='ltr'><strong>divum</strong></span> <span class='ocrx_word' id='word_1_200' title='bbox 703 3002 908 3065; x_wconf 87' lang='lat' dir='ltr'><strong>observantior</strong></span> <span class='ocrx_word' id='word_1_201' title='bbox 928 3003 1018 3064; x_wconf 89' lang='lat' dir='ltr'><strong>alter:</strong></span> 
     </span>
    </p>

    <p class='ocr_par' dir='ltr' id='par_1_9' title="bbox 260 3099 1101 3180">
     <span class='ocr_line' id='line_1_28' title="bbox 260 3099 1101 3180; baseline 0 -20"><span class='ocrx_word' id='word_1_202' title='bbox 260 3100 338 3178; x_wconf 87' lang='lat' dir='ltr'><strong>Ergo</strong></span> <span class='ocrx_word' id='word_1_203' title='bbox 359 3101 442 3162; x_wconf 92' lang='lat' dir='ltr'><strong>illum</strong></span> <span class='ocrx_word' id='word_1_204' title='bbox 465 3101 569 3180; x_wconf 92' lang='lat' dir='ltr'><strong>primis</strong></span> <span class='ocrx_word' id='word_1_205' title='bbox 592 3120 751 3162; x_wconf 91' lang='lat' dir='ltr'><strong>nemorum</strong></span> <span class='ocrx_word' id='word_1_206' title='bbox 774 3102 828 3163; x_wconf 88' lang='lat' dir='ltr'><strong>dea</strong></span> <span class='ocrx_word' id='word_1_207' title='bbox 849 3101 936 3162; x_wconf 83' lang='lat' dir='ltr'><strong>tinxit</strong></span> <span class='ocrx_word' id='word_1_208' title='bbox 957 3101 990 3162; x_wconf 94' lang='lat' dir='ltr'><strong>in</strong></span> <span class='ocrx_word' id='word_1_209' title='bbox 1011 3099 1101 3161; x_wconf 87' lang='lat' dir='ltr'><strong>armis</strong></span> 
     </span>
    </p>

    <p class='ocr_par' dir='ltr' id='par_1_10' title="bbox 261 3195 1292 3281">
     <span class='ocr_line' id='line_1_29' title="bbox 261 3195 1292 3281; baseline -0.003 -23"><span class='ocrx_word' id='word_1_210' title='bbox 261 3198 481 3280; x_wconf 77' lang='lat' dir='ltr'><strong>Auctoremque</strong></span> <span class='ocrx_word' id='word_1_211' title='bbox 504 3200 585 3279; x_wconf 90' lang='lat' dir='ltr'><strong>operi</strong></span> <span class='ocrx_word' id='word_1_212' title='bbox 610 3201 728 3279; x_wconf 81' lang='lat' dir='ltr'><strong>dignata</strong></span> <span class='ocrx_word' id='word_1_213' title='bbox 749 3200 808 3279; x_wconf 87' lang='lat' dir='ltr'><strong>(vel</strong></span> <span class='ocrx_word' id='word_1_214' title='bbox 830 3197 985 3281; x_wconf 67' lang='lat' dir='ltr'><strong>dioecesi)</strong></span> <span class='ocrx_word' id='word_1_215' title='bbox 1000 3195 1163 3261; x_wconf 87' lang='lat' dir='ltr'><strong>inscribere</strong></span> <span class='ocrx_word' id='word_1_216' title='bbox 1182 3212 1292 3276; x_wconf 83' lang='lat' dir='ltr'><strong>magno</strong></span> 
     </span>
    </p>

    <p class='ocr_par' dir='ltr' id='par_1_11' title="bbox 260 3296 1017 3378">
     <span class='ocr_line' id='line_1_30' title="bbox 260 3296 1017 3378; baseline 0.003 -22"><span class='ocrx_word' id='word_1_217' title='bbox 260 3296 352 3359; x_wconf 89' lang='lat' dir='ltr'><strong>lussit</strong></span> <span class='ocrx_word' id='word_1_218' title='bbox 373 3296 454 3359; x_wconf 92' lang='lat' dir='ltr'><strong>adire</strong></span> <span class='ocrx_word' id='word_1_219' title='bbox 476 3316 546 3360; x_wconf 92' lang='lat' dir='ltr'><strong>suas</strong></span> <span class='ocrx_word' id='word_1_220' title='bbox 569 3306 599 3360; x_wconf 90' lang='lat' dir='ltr'><strong>et</strong></span> <span class='ocrx_word' id='word_1_221' title='bbox 619 3298 749 3378; x_wconf 86' lang='lat' dir='ltr'><strong>pandere</strong></span> <span class='ocrx_word' id='word_1_222' title='bbox 771 3299 908 3377; x_wconf 79' lang='lat' dir='ltr'><strong>gentibus</strong></span> <span class='ocrx_word' id='word_1_223' title='bbox 929 3305 1017 3363; x_wconf 90' lang='lat' dir='ltr'><strong>artes.</strong></span> 
     </span>
    </p>
   </div>
   <div class='ocr_carea' id='block_1_8' title="bbox 161 3405 1310 4097">
    <p class='ocr_par' dir='ltr' id='par_1_12' title="bbox 161 3405 1310 3787">
     <span class='ocr_line' id='line_1_31' title="bbox 161 3405 1310 3487; baseline 0 -19"><span class='ocrx_word' id='word_1_224' title='bbox 161 3405 274 3469; x_wconf 83' lang='lat' dir='ltr'><strong>Tamen</strong></span> <span class='ocrx_word' id='word_1_225' title='bbox 299 3407 399 3487; x_wconf 91' lang='lat' dir='ltr'><strong>ipsum</strong></span> <span class='ocrx_word' id='word_1_226' title='bbox 424 3409 511 3472; x_wconf 91' lang='lat' dir='ltr'><strong>huius</strong></span> <span class='ocrx_word' id='word_1_227' title='bbox 538 3411 667 3472; x_wconf 90' lang='lat' dir='ltr'><strong>auctoris</strong></span> <span class='ocrx_word' id='word_1_228' title='bbox 694 3428 806 3472; x_wconf 90' lang='lat' dir='ltr'><strong>nomen</strong></span> <span class='ocrx_word' id='word_1_229' title='bbox 833 3410 967 3475; x_wconf 86' lang='lat' dir='ltr'><strong>Gratium</strong></span> <span class='ocrx_word' id='word_1_230' title='bbox 992 3424 1228 3472; x_wconf 88' lang='lat' dir='ltr'><strong>commemorare</strong></span> <span class='ocrx_word' id='word_1_231' title='bbox 1254 3405 1310 3469; x_wconf 85' lang='lat' dir='ltr'><strong>de-</strong></span> 
     </span>
     <span class='ocr_line' id='line_1_32' title="bbox 161 3504 1309 3589; baseline 0.001 -24"><span class='ocrx_word' id='word_1_232' title='bbox 161 3504 261 3566; x_wconf 92' lang='lat' dir='ltr'><strong>buisse</strong></span> <span class='ocrx_word' id='word_1_233' title='bbox 298 3523 360 3567; x_wconf 92' lang='lat' dir='ltr'><strong>non</strong></span> <span class='ocrx_word' id='word_1_234' title='bbox 391 3507 477 3570; x_wconf 87' lang='lat' dir='ltr'><strong>dices.</strong></span> <span class='ocrx_word' id='word_1_235' title='bbox 523 3510 584 3571; x_wconf 96' lang='lat' dir='ltr'><strong>lam</strong></span> <span class='ocrx_word' id='word_1_236' title='bbox 614 3529 683 3572; x_wconf 91' lang='lat' dir='ltr'><strong>vero</strong></span> <span class='ocrx_word' id='word_1_237' title='bbox 710 3509 785 3572; x_wconf 89' lang='lat' dir='ltr'><strong>mira</strong></span> <span class='ocrx_word' id='word_1_238' title='bbox 812 3510 968 3572; x_wconf 86' lang='lat' dir='ltr'><strong>difficultas</strong></span> <span class='ocrx_word' id='word_1_239' title='bbox 998 3509 1069 3571; x_wconf 85' lang='lat' dir='ltr'><strong>baec</strong></span> <span class='ocrx_word' id='word_1_240' title='bbox 1094 3506 1174 3589; x_wconf 89' lang='lat' dir='ltr'><strong>quod</strong></span> <span class='ocrx_word' id='word_1_241' title='bbox 1204 3513 1309 3567; x_wconf 88' lang='lat' dir='ltr'><strong>tamen</strong></span> 
     </span>
     <span class='ocr_line' id='line_1_33' title="bbox 162 3605 1309 3688; baseline 0.001 -23"><span class='ocrx_word' id='word_1_242' title='bbox 162 3606 406 3668; x_wconf 88' lang='lat' dir='ltr'><strong>commemoravit</strong></span> <span class='ocrx_word' id='word_1_243' title='bbox 426 3608 473 3669; x_wconf 90' lang='lat' dir='ltr'><strong>ille</strong></span> <span class='ocrx_word' id='word_1_244' title='bbox 493 3625 605 3670; x_wconf 90' lang='lat' dir='ltr'><strong>nomen</strong></span> <span class='ocrx_word' id='word_1_245' title='bbox 625 3611 677 3671; x_wconf 91' lang='lat' dir='ltr'><strong>sed</strong></span> <span class='ocrx_word' id='word_1_246' title='bbox 692 3609 770 3671; x_wconf 87' lang='lat' dir='ltr'><strong>aliud</strong></span> <span class='ocrx_word' id='word_1_247' title='bbox 786 3609 895 3688; x_wconf 86' lang='lat' dir='ltr'><strong>potius,</strong></span> <span class='ocrx_word' id='word_1_248' title='bbox 917 3607 1074 3688; x_wconf 74' lang='lat' dir='ltr'><strong>dereptas:</strong></span> <span class='ocrx_word' id='word_1_249' title='bbox 1097 3624 1187 3688; x_wconf 88' lang='lat' dir='ltr'><strong>quem</strong></span> <span class='ocrx_word' id='word_1_250' title='bbox 1207 3605 1309 3667; x_wconf 90' lang='lat' dir='ltr'><strong>locum</strong></span> 
     </span>
     <span class='ocr_line' id='line_1_34' title="bbox 162 3705 1053 3787; baseline 0.004 -25"><span class='ocrx_word' id='word_1_251' title='bbox 162 3719 232 3764; x_wconf 89' lang='lat' dir='ltr'><strong>sanc</strong></span> <span class='ocrx_word' id='word_1_252' title='bbox 256 3723 344 3784; x_wconf 91' lang='lat' dir='ltr'><strong>quam</strong></span> <span class='ocrx_word' id='word_1_253' title='bbox 365 3705 440 3767; x_wconf 90' lang='lat' dir='ltr'><strong>male</strong></span> <span class='ocrx_word' id='word_1_254' title='bbox 460 3705 606 3786; x_wconf 90' lang='lat' dir='ltr'><strong>Hauptius</strong></span> <span class='ocrx_word' id='word_1_255' title='bbox 629 3726 748 3787; x_wconf 89' lang='lat' dir='ltr'><strong>quoque</strong></span> <span class='ocrx_word' id='word_1_256' title='bbox 771 3706 864 3768; x_wconf 88' lang='lat' dir='ltr'><strong>edidit</strong></span> <span class='ocrx_word' id='word_1_257' title='bbox 878 3726 905 3766; x_wconf 92' lang='lat' dir='ltr'><strong>v.</strong></span> <span class='ocrx_word' id='word_1_258' title='bbox 920 3705 1053 3787; x_wconf 81' lang='lat' dir='ltr'><strong>99sqq.:</strong></span> 
     </span>
    </p>

    <p class='ocr_par' dir='ltr' id='par_1_13' title="bbox 262 3815 976 3897">
     <span class='ocr_line' id='line_1_35' title="bbox 262 3815 976 3897; baseline 0.003 -20"><span class='ocrx_word' id='word_1_259' title='bbox 262 3817 314 3878; x_wconf 88' lang='lat' dir='ltr'><strong>Die</strong></span> <span class='ocrx_word' id='word_1_260' title='bbox 335 3834 388 3895; x_wconf 87' lang='lat' dir='ltr'><strong>age</strong></span> <span class='ocrx_word' id='word_1_261' title='bbox 411 3815 507 3878; x_wconf 88' lang='lat' dir='ltr'><strong>Pierio</strong></span> <span class='ocrx_word' id='word_1_262' title='bbox 530 3817 587 3897; x_wconf 86' lang='lat' dir='ltr'><strong>(fas</strong></span> <span class='ocrx_word' id='word_1_263' title='bbox 614 3821 681 3894; x_wconf 78' lang='lat' dir='ltr'><strong>est),</strong></span> <span class='ocrx_word' id='word_1_264' title='bbox 705 3819 804 3892; x_wconf 88' lang='lat' dir='ltr'><strong>Diana,</strong></span> <span class='ocrx_word' id='word_1_265' title='bbox 827 3817 976 3880; x_wconf 90' lang='lat' dir='ltr'><strong>ministro:</strong></span> 
     </span>
    </p>

    <p class='ocr_par' dir='ltr' id='par_1_14' title="bbox 261 3915 1115 3997">
     <span class='ocr_line' id='line_1_36' title="bbox 261 3915 1115 3997; baseline 0.001 -21"><span class='ocrx_word' id='word_1_266' title='bbox 261 3915 419 3979; x_wconf 82' lang='lat' dir='ltr'><strong>Arcadium</strong></span> <span class='ocrx_word' id='word_1_267' title='bbox 442 3923 501 3978; x_wconf 91' lang='lat' dir='ltr'><strong>stat</strong></span> <span class='ocrx_word' id='word_1_268' title='bbox 519 3916 599 3978; x_wconf 86' lang='lat' dir='ltr'><strong>fama</strong></span> <span class='ocrx_word' id='word_1_269' title='bbox 622 3933 732 3990; x_wconf 88' lang='lat' dir='ltr'><strong>senem,</strong></span> <span class='ocrx_word' id='word_1_270' title='bbox 754 3936 844 3997; x_wconf 85' lang='lat' dir='ltr'><strong>quem</strong></span> <span class='ocrx_word' id='word_1_271' title='bbox 866 3917 1015 3980; x_wconf 88' lang='lat' dir='ltr'><strong>Maenalus</strong></span> <span class='ocrx_word' id='word_1_272' title='bbox 1038 3917 1115 3979; x_wconf 86' lang='lat' dir='ltr'><strong>altor</strong></span> 
     </span>
    </p>

    <p class='ocr_par' dir='ltr' id='par_1_15' title="bbox 262 4012 1015 4097">
     <span class='ocr_line' id='line_1_37' title="bbox 262 4012 1015 4097; baseline 0.005 -24"><span class='ocrx_word' id='word_1_273' title='bbox 262 4015 299 4074; x_wconf 83' lang='lat' dir='ltr'><strong>Et</strong></span> <span class='ocrx_word' id='word_1_274' title='bbox 321 4012 567 4078; x_wconf 89' lang='lat' dir='ltr'><strong>Lacedaemoniae</strong></span> <span class='ocrx_word' id='word_1_275' title='bbox 590 4016 720 4096; x_wconf 89' lang='lat' dir='ltr'><strong>primum</strong></span> <span class='ocrx_word' id='word_1_276' title='bbox 742 4016 857 4078; x_wconf 92' lang='lat' dir='ltr'><strong>vidistis</strong></span> <span class='ocrx_word' id='word_1_277' title='bbox 878 4016 1015 4097; x_wconf 79' lang='lat' dir='ltr'><strong>Amyclae</strong></span> 
     </span>
    </p>
   </div>
   <div class='ocr_carea' id='block_1_9' title="bbox 262 4113 957 4291">
    <p class='ocr_par' dir='ltr' id='par_1_16' title="bbox 262 4113 957 4291">
     <span class='ocr_line' id='line_1_38' title="bbox 263 4113 957 4178; baseline 0.009 -6"><span class='ocrx_word' id='word_1_278' title='bbox 263 4113 319 4173; x_wconf 91' lang='lat' dir='ltr'><strong>Per</strong></span> <span class='ocrx_word' id='word_1_279' title='bbox 343 4129 406 4174; x_wconf 91' lang='lat' dir='ltr'><strong>non</strong></span> <span class='ocrx_word' id='word_1_280' title='bbox 429 4113 564 4177; x_wconf 90' lang='lat' dir='ltr'><strong>adsuetas</strong></span> <span class='ocrx_word' id='word_1_281' title='bbox 587 4122 750 4178; x_wconf 86' lang='lat' dir='ltr'><strong>metantem</strong></span> <span class='ocrx_word' id='word_1_282' title='bbox 771 4115 845 4178; x_wconf 90' lang='lat' dir='ltr'><strong>retia</strong></span> <span class='ocrx_word' id='word_1_283' title='bbox 871 4115 957 4178; x_wconf 87' lang='lat' dir='ltr'><strong>valles</strong></span> 
     </span>
     <span class='ocr_line' id='line_1_39' title="bbox 262 4211 416 4291; baseline 0.006 -19"><span class='ocrx_word' id='word_1_284' title='bbox 262 4211 416 4291; x_wconf 79' lang='lat' dir='ltr'><strong>Dercylon.</strong></span> 
     </span>
    </p>
   </div>
   <div class='ocr_carea' id='block_1_10' title="bbox 162 4318 1312 4504">
    <p class='ocr_par' dir='ltr' id='par_1_17' title="bbox 162 4318 1312 4504">
     <span class='ocr_line' id='line_1_40' title="bbox 162 4318 1312 4406; baseline -0.001 -21"><span class='ocrx_word' id='word_1_285' title='bbox 162 4320 219 4396; x_wconf 84' lang='lat' dir='ltr'><strong>Qui</strong></span> <span class='ocrx_word' id='word_1_286' title='bbox 235 4325 315 4387; x_wconf 88' lang='lat' dir='ltr'><strong>enim</strong></span> <span class='ocrx_word' id='word_1_287' title='bbox 335 4343 403 4388; x_wconf 91' lang='lat' dir='ltr'><strong>cum</strong></span> <span class='ocrx_word' id='word_1_288' title='bbox 423 4333 479 4387; x_wconf 85' lang='lat' dir='ltr'><strong>stat</strong></span> <span class='ocrx_word' id='word_1_289' title='bbox 497 4327 583 4406; x_wconf 77' lang='lat' dir='ltr'><strong>soma</strong></span> <span class='ocrx_word' id='word_1_290' title='bbox 598 4327 731 4389; x_wconf 89' lang='lat' dir='ltr'><strong>construi</strong></span> <span class='ocrx_word' id='word_1_291' title='bbox 744 4332 862 4406; x_wconf 88' lang='lat' dir='ltr'><strong>poterat</strong></span> <span class='ocrx_word' id='word_1_292' title='bbox 877 4342 977 4387; x_wconf 88' lang='lat' dir='ltr'><strong>merus</strong></span> <span class='ocrx_word' id='word_1_293' title='bbox 994 4320 1174 4386; x_wconf 84' lang='lat' dir='ltr'><strong>accusativus</strong></span> <span class='ocrx_word' id='word_1_294' title='bbox 1189 4318 1312 4384; x_wconf 69' lang='lat' dir='ltr'><strong>seem?</strong></span> 
     </span>
     <span class='ocr_line' id='line_1_41' title="bbox 163 4419 1312 4504; baseline -0.002 -19"><span class='ocrx_word' id='word_1_295' title='bbox 163 4422 220 4495; x_wconf 84' lang='lat' dir='ltr'><strong>Qui</strong></span> <span class='ocrx_word' id='word_1_296' title='bbox 245 4423 317 4504; x_wconf 93' lang='lat' dir='ltr'><strong>poni</strong></span> <span class='ocrx_word' id='word_1_297' title='bbox 344 4425 388 4487; x_wconf 84' lang='lat' dir='ltr'><strong>dic</strong></span> <span class='ocrx_word' id='word_1_298' title='bbox 411 4442 461 4504; x_wconf 75' lang='lat' dir='ltr'><strong>cpe</strong></span> <span class='ocrx_word' id='word_1_299' title='bbox 487 4424 551 4487; x_wconf 90' lang='lat' dir='ltr'><strong>sine</strong></span> <span class='ocrx_word' id='word_1_300' title='bbox 576 4425 636 4487; x_wconf 91' lang='lat' dir='ltr'><strong>ullo</strong></span> <span class='ocrx_word' id='word_1_301' title='bbox 664 4425 769 4488; x_wconf 90' lang='lat' dir='ltr'><strong>obiecti</strong></span> <span class='ocrx_word' id='word_1_302' title='bbox 795 4419 927 4486; x_wconf 72' lang='lat' dir='ltr'><strong>indicio?</strong></span> <span class='ocrx_word' id='word_1_303' title='bbox 960 4422 1063 4502; x_wconf 88' lang='lat' dir='ltr'><strong>Neque</strong></span> <span class='ocrx_word' id='word_1_304' title='bbox 1096 4419 1168 4484; x_wconf 92' lang='lat' dir='ltr'><strong>illud</strong></span> <span class='ocrx_word' id='word_1_305' title='bbox 1192 4420 1241 4500; x_wconf 74' lang='lat' dir='ltr'><strong>scs</strong></span> <span class='ocrx_word' id='word_1_306' title='bbox 1268 4430 1312 4483; x_wconf 85' lang='lat' dir='ltr'><strong>est</strong></span> 
     </span>
    </p>
   </div>
   <div class='ocr_carea' id='block_1_11' title="bbox 0 0 1466 5018">
    <p class='ocr_par' dir='ltr' id='par_1_18' title="bbox 0 0 1466 5018">
     <span class='ocr_line' id='line_1_42' title="bbox 0 0 1466 5018; baseline 0 0"><span class='ocrx_word' id='word_1_307' title='bbox 0 0 1466 5018; x_wconf 95' lang='lat' dir='ltr'><strong> </strong></span> 
     </span>
    </p>
   </div>
  </div>
 </body>
</html>
