2924 5018
620 250 864 314 —103-

166 424 352 502 rcgationem
391 432 458 503 apta
494 425 707 504 respondebat:
746 427 909 500 Ονοοσούο,
946 433 1049 510 inquit,
1153 430 1313 510 intellepere

167 522 365 583 coniectatur?
395 524 551 603 Ilt'sfiodior
576 542 638 598 res;
664 530 690 587 st
713 536 808 586 tamen
829 528 1045 606 scipiadarum.
1076 526 1167 590 Sentit
1181 547 1209 589 sc
1226 547 1312 589 carne

166 633 295 683 constare
317 642 393 702 eqs.;
430 625 564 703 sequitur
590 632 688 686 antem
715 641 762 684 res
791 642 893 685 revera
923 625 1079 686 difficilior.
1124 625 1226 705 ltaque
1252 645 1312 687 una

164 720 213 780 illa
247 722 424 782 sententiola
451 740 520 782 cum
552 722 583 783 in
620 721 785 799 marginem
819 723 955 793 abiisset·
987 722 1107 784 dimidia
1144 724 1207 785 eins
1242 742 1312 805 pars

164 819 283 887 amima,
306 819 418 899 reliqua
441 827 474 880 nt
496 822 529 880 tit
552 838 613 880 non
635 838 691 880 suo
713 820 779 881 loeo
801 821 931 900 reposita
955 830 1008 883 est.

250 917 383 996 dentque
406 924 508 979 contra
530 917 706 996 Madvigium
727 917 776 996 (ad
793 919 835 979 lle
849 920 901 978 lin.
918 919 957 979 lll
977 920 1026 994 16)
1048 937 1155 982 maneo
1172 921 1313 982 amnibus

164 1015 211 1076 his
227 1017 377 1094 praeclare
393 1017 502 1078 firmari
526 1017 604 1096 apud
620 1016 717 1076 Laert.
733 1016 816 1095 lliog.
832 1017 881 1078 Vll
897 1017 937 1078 85
957 1018 1115 1080 lectionem
1135 1017 1194 1101 τὴν
1209 1011 1312 1081 αὑτοῦ

163 1109 328 1176 σύστασιν
351 1117 408 1175 καὶ
433 1112 491 1197 την
510 1113 629 1198 ταύτης
650 1113 887 1197 συνείδησιν
905 1116 962 1177 nisi
978 1118 1057 1197 qued
1076 1118 1239 1197 pleniorem
1259 1136 1312 1179 ex-

162 1213 332 1291 pectabam:
356 1211 411 1274 nul
427 1209 487 1295 την
501 1210 620 1295 ταύτης
634 1211 670 1285 ἐξ
685 1207 762 1275 ὅσον
778 1210 983 1295 λαμβάνεται
999 1212 1198 1298 συνείδησιν.

249 1309 401 1373 Hactenus
428 1313 464 1374 de
480 1312 652 1392 Chrysippo.
692 1311 766 1374 Nam
794 1313 873 1392 qnod
900 1314 1030 1375 sollertia
1046 1315 1217 1394 aquatilium
1234 1316 1310 1376 vinci

162 1409 315 1470 terrestria
353 1411 489 1473 animalia
526 1411 675 1487 dicuntur,
705 1411 737 1472 in
768 1429 803 1471 eo
833 1411 957 1471 fortuito
987 1413 1144 1474 concinere
1171 1414 1310 1475 videntur

161 1516 249 1587 poeta
275 1508 383 1570 latinus
407 1517 496 1588 atque
519 1510 695 1570 Plutarchus
715 1511 824 1589 qnippe
848 1509 971 1571 diversis
987 1526 1110 1590 prorsus
1126 1513 1309 1590 argumentis

162 1623 227 1667 rein
254 1615 391 1685 agentes;
424 1625 522 1687 nequa
549 1608 703 1686 vestigium
730 1609 819 1670 huius
840 1611 1007 1671 sententiae
1033 1611 1127 1672 ullum
1154 1619 1205 1672 aut
1231 1612 1308 1691 apud

161 1705 336 1767 Ciceronem
363 1715 414 1768 aut
440 1708 517 1788 apud
539 1707 707 1787 Oppianum
729 1714 784 1768 est.
829 1709 928 1787 Atque
950 1708 1009 1770 iam
1030 1727 1064 1770 eo
1086 1709 1261 1770 deducimur
1276 1719 1310 1771 ut

159 1803 272 1883 reliqua
298 1822 374 1884 quae
401 1807 436 1867 de
458 1806 590 1885 piscibus
609 1807 641 1866 iu
666 1806 798 1867 carmine
813 1807 902 1868 latino
928 1815 1044 1868 exstam
1070 1824 1308 1888 percenseamus,

160 1903 245 1964 unde·
267 1920 358 1964 noras
384 1923 422 1964 ue
445 1905 493 1965 hic
513 1905 632 1983 quidem
654 1906 706 1966 sed
730 1922 906 1968 communes
921 1904 985 1968 fere
1002 1906 1170 1986 antiquitati
1186 1905 1309 1981 notitias

160 2009 280 2082 aposta
296 2000 391 2081 promi
408 2001 582 2063 firmabitua

696 2260 769 2322 vlu.

246 2401 373 2480 Oppiani
396 2408 425 2462 et
446 2399 513 2460 falsi
537 2398 622 2459 Ovidi
649 2398 680 2459 in
707 2405 769 2460 arte
791 2398 948 2478 piscatoria
971 2399 1127 2462 scribenda
1150 2399 1306 2462 eonsilium

158 2503 239 2563 idem
262 2501 317 2562 fuit
339 2500 396 2560 nisi
418 2499 497 2579 quod
521 2507 551 2560 et
573 2516 673 2559 rerum
696 2498 780 2577 copia
803 2505 834 2558 et
855 2497 1000 2558 librorum
1015 2514 1142 2561 nanneno
1165 2499 1304 2579 quinqui-

159 2599 275 2680 plicatis
298 2598 373 2660 alter
394 2599 519 2659 alterum
541 2605 673 2675 superat.
718 2597 806 2657 Pares
833 2595 864 2655 in
891 2614 925 2656 ec
949 2614 1000 2656 eos
1023 2596 1122 2658 vidisti
1145 2599 1226 2677 quod
1248 2598 1308 2658 sol-

159 2699 258 2759 lertias
280 2703 406 2776 uterque
428 2696 556 2779 piscium
578 2696 742 2757 narrandas
758 2696 909 2756 duxerunt
924 2702 954 2755 et
970 2694 1090 2774 quidem
1108 2696 1306 2776 Chrysippum

158 2796 270 2878 pariter
289 2795 390 2857 adiere
413 2795 464 2874 qui
490 2812 554 2855 rem
578 2794 773 2873 compositam
797 2792 1037 2854 commodissime
1060 2794 1202 2872 praebere
1223 2794 1307 2855 vide-

158 2899 259 2969 batur}
282 2910 368 2975 pares
382 2895 472 2954 etiam
494 2894 526 2953 in
542 2910 587 2966 eo,
604 2894 684 2973 quod
706 2893 871 2970 catalogum
886 2892 1010 2972 insuper
1025 2892 1200 2971 aquatilium
1224 2900 1307 2953 uter-

158 3004 223 3074 qne·
239 2999 413 3074 proponunt
436 2992 609 3072 etquidem
633 2991 721 3052 talem
738 3008 797 3070 quo
821 2991 909 3052 slmal
932 2991 1105 3052 instituatur
1126 2992 1178 3070 qui
1201 2990 1307 3052 dieitur

157 3091 326 3173 χωρισμὸς
350 3092 416 3154 τῶν
439 3083 577 3169 ἰχθύων.
616 3091 711 3170 Atque
734 3090 832 3151 ethic
854 3099 885 3151 et
906 3089 966 3152 illic
988 3089 1124 3169 aquatilia
1140 3090 1304 3150 secundum

158 3194 294 3254 locorum
315 3190 512 3252 diversitatem
536 3189 705 3267 variamque
728 3188 818 3249 maris
840 3188 891 3248 imi
915 3195 1052 3249 naturam
1075 3187 1304 3249 distribuuntur.

157 3294 240 3366 Quae
260 3289 364 3368 incipit
386 3288 431 3368 agi
453 3306 500 3349 res
523 3287 603 3366 apud
629 3287 755 3348 latinum
779 3286 956 3364 scriptorem
978 3285 1049 3345 inde
1071 3304 1087 3346 a
1110 3305 1135 3344 v.
1153 3285 1204 3357 85,
1227 3287 1304 3363 apud

157 3401 296 3469 graecam
313 3389 349 3450 ab
363 3387 376 3448 I
391 3405 417 3448 r.
435 3385 485 3447 86.
524 3388 621 3465 lltqne
643 3385 720 3446 hanc
743 3385 833 3445 totius
856 3385 952 3464 operIs
974 3383 1199 3463 dispositionem
1221 3400 1306 3443 com-

158 3504 280 3549 manem
303 3487 339 3547 iis
361 3503 431 3548 casu
446 3485 554 3546 factam
578 3503 642 3544 esse
666 3483 713 3544 vix
735 3480 849 3542 credes.
886 3481 1008 3560 Singula
1033 3497 1103 3541 vero
1127 3489 1304 3559 paerseentus

158 3585 390 3648 auocamento:
414 3585 491 3663 apud
516 3582 655 3643 Ovidium
677 3600 703 3641 v.
720 3579 853 3642 86--91
879 3580 983 3641 divisio
1006 3597 1068 3640 non
1091 3579 1225 3641 cernitur
1244 3579 1304 3640 nisi

157 3687 293 3747 locorum
316 3691 491 3744 ternorum:
514 3691 543 3743 et
566 3697 741 3743 saxosorum
764 3688 794 3741 et
816 3679 1028 3740 umbrosorum
1052 3687 1081 3740 et
1096 3678 1302 3739 herbosorum.

156 3785 255 3864 litque
277 3783 333 3844 ista
356 3783 406 3861 qui
428 3782 533 3860 legerit
553 3781 612 3842 lam
635 3781 699 3859 ipsa
721 3779 843 3840 nomina
869 3777 995 3858 piscium
1017 3779 1089 3839 inde
1103 3797 1118 3839 a
1134 3797 1160 3838 ν.
1177 3776 1218 3838 94
1242 3777 1305 3839 dis-

156 3878 289 3963 positum
318 3889 347 3942 et
379 3888 547 3960 separatum
581 3880 617 3940 iri
650 3878 814 3958 expectabit
848 3894 950 3938 eorum
985 3878 1115 3957 primum
1150 3877 1201 3955 qui
1235 3894 1303 3936 saxa

157 3981 264 4043 &nde
296 3979 347 4058 qni
380 3979 516 4039 umbram
548 3979 653 4040 ultimo
687 3978 753 4038 loco
786 3976 837 4057 qui
865 3977 958 4056 algam
980 3976 1098 4036 mollem
1121 3983 1302 4055 praeameut.

156 4081 223 4154 Quo
247 4079 343 4140 allicio
366 4078 458 4138 homo
480 4078 695 4139 insulsissimus
719 4096 753 4138 eo
777 4093 871 4155 usque
893 4093 955 4136 non
977 4075 1099 4137 functus
1123 4082 1168 4136 est
1191 4083 1224 4134 ut
1246 4091 1303 4152 pe·

156 4179 248 4258 lagios
262 4185 391 4239 tantum
414 4177 504 4238 modo
527 4182 562 4252 lv.
585 4175 756 4253 94-ll'l)
787 4174 888 4235 incolis
916 4173 1073 4236 herbarum
1098 4171 1303 4250 (118-134)

156 4285 322 4358 opponeret
354 4286 442 4356 atque
475 4277 505 4336 in
539 4277 593 4336 has
626 4272 699 4337 duas
733 4275 840 4336 classes
875 4274 984 4336 conicit
1013 4273 1219 4353 constipatque
1245 4290 1302 4332 no-

156 4377 237 4441 mina
260 4383 409 4458 quotquot
429 4381 580 4454 comperta
608 4372 697 4437 habet
725 4381 832 4434 natura
859 4372 999 4450 victuque
1027 4380 1057 4432 et
1083 4371 1146 4450 ipsa
1173 4371 1302 4432 statione
