2924 5018
592 267 813 332 ..71-

129 440 240 501 Eadem
263 439 413 502 nonnullis
435 441 605 520 praemissis
630 442 783 522 Oppianus
798 442 837 504 ΙΙΙ
856 441 1003 524 iddsqq.:

230 579 357 660 Σηπίαι
378 572 420 640 αὖ
438 581 550 664 τοέησι
576 578 843 665 όολοφροσόνησι
869 580 1038 664 μέλονται.

228 674 299 739 ἔστι
318 700 369 750 τις
388 675 423 739 ἓν
444 673 573 760 μήκωσι
588 677 714 752 θολός
739 683 865 763 κείνησι
886 675 1068 763 πεπηγός·

228 773 393 849 κυάνεος
419 778 542 859 πίσσης
568 775 823 863 όνοφεριότερος,
851 774 969 858 ἀχλύος
994 776 1093 862 ὑγρῆς

229 871 404 958 φάρμακον
430 870 674 954 ἇπροτίοπτον,
702 871 721 939 ὅ
746 900 781 940 τε
807 881 927 962 σφίσιν
957 874 1059 960 ἄλκαρ
1086 872 1230 960 όλέθρου

228 963 433 1057 ἒντρέφεταλ·
449 973 518 1046 τὰς
533 970 566 1036 d’
584 969 668 1037 εὖτ’
684 973 728 1039 ἄν
744 974 809 1058 ἕλη
826 974 968 1060 φόβος,
985 971 1272 1040 αὖτέκακεένου

227 1065 430 1154 ὀρφναίας
446 1067 712 1155 ῥαθάμιηγας
727 1071 940 1158 ἀνήμεσαν,
958 1070 1045 1159 ἀμφὶ
1061 1072 1099 1136 δὲ
1114 1074 1272 1138 πόντου

227 1165 361 1231 πάντα
381 1169 500 1249 πέριξ
521 1168 659 1254 ε’μέηνε
684 1171 751 1234 καὶ
777 1168 986 1255 η’μάλόυνε
1012 1171 1195 1237 κέλευθα
1268 1231 1274 1256 ,Ι

228 1267 307 1346 λχιὸρ
335 1263 497 1346 ἀχλυόεις,
525 1265 601 1332 ἀνά
625 1266 658 1332 d’
685 1268 836 1353 ἔτραπε
863 1273 999 1335 πᾶσαν
1025 1267 1214 1355 ὀπωπήν·

226 1362 263 1426 αἱ
289 1362 327 1427 δὲ
352 1363 412 1427 διὰ
433 1361 614 1442 θολόεντος
640 1365 731 1452 ἄφαρ
759 1365 918 1451 φεόγουσι
945 1361 1069 1453 πόροιο

226 1461 362 1547 ῥηϊδίως
387 1463 443 1526 καὶ
470 1466 564 1547 φῶτα
590 1461 646 1528 καὶ
672 1469 703 1529 εἴ
729 1469 819 1529 ποθι
846 1470 1003 1551 φέρτερον
1031 1462 1141 1547 ἶχθόν.

124 1617 200 1678 inm
221 1615 398 1679 Plutarchus
421 1616 597 1697 978dsq.:
631 1613 689 1679 οὐκ
719 1614 814 1689 ἄξιόν
843 1616 914 1681 ἐστι
943 1617 980 1680 τὸ
1016 1618 1087 1702 τῆς
1120 1621 1273 1701 σηπίας

125 1711 342 1796 παράδειγμα
374 1713 575 1797 παρελθεῖν·
611 1714 671 1798 τήν
707 1715 769 1798 γὰρ
804 1715 1008 1798 καλουμένην
1045 1715 1143 1798 μότιν
1178 1702 1272 1799 παρὰ

123 1809 182 1876 τὸν
224 1803 389 1895 τράχηλον
428 1809 548 1891 ἔχουσα
588 1811 695 1898 πλήρη
740 1811 916 1896 ζοφερᾶς
959 1808 1185 1898 ὑγρότητος
1228 1811 1273 1898 ἢν

124 1906 254 1974 θόλον
282 1909 442 1975 καλοῦσιν
464 1905 564 1976 ὅταν
585 1909 948 1996 καταλαμβάνηται
976 1915 1178 1996 μεθίησιν
1206 1910 1269 1985 ἔξω

123 1999 417 2092 τεχνωμένητής
460 2007 666 2094 θαλάττης
714 2007 1052 2095 ὁιαδολωθεέσης
1099 2009 1271 2095 ποιήσασα

124 2106 203 2188 περὶ
233 2101 334 2192 αὑτήν
368 2104 484 2182 σκότος
519 2105 702 2173 ὑπεκδῦναι
740 2110 797 2174 καὶ
832 2108 1067 2190 ἀποδρᾶναι
1106 2109 1177 2194 τήν
1212 2106 1274 2173 τοῦ

123 2204 324 2290 θηροόοντος
353 2204 462 2291 ὄψιν.

208 2306 331 2387 Singula
357 2307 468 2368 hocin
492 2308 626 2387 exemplo
650 2308 795 2370 curiosius
818 2309 1048 2388 perpendamus.
1093 2309 1269 2371 Communis

122 2405 276 2467 sententiis
291 2405 387 2468 tribus
403 2405 490 2467 etiam
505 2414 655 2467 structura
672 2417 731 2481 cst3
761 2407 909 2487 incipiunt
927 2407 1006 2467 euim
1022 2426 1038 2468 a
1053 2425 1118 2469 cum
1132 2408 1209 2486 sorte
1222 2409 1269 2469 vel

123 2501 189 2568 εὖτ’
213 2501 255 2567 ἂν
276 2504 323 2565 vel
344 2497 434 2566 ὅταν.
483 2503 555 2564 Com
575 2504 713 2585 deprenso
735 2516 775 2566 cst
797 2506 881 2585 apud.
897 2505 1088 2566 Plutarchum
1111 2505 1200 2568 habet
1221 2507 1269 2568 cui

122 2603 310 2685 respondeat.
347 2601 479 2682 lodoicus
502 2620 608 2682 οοηαοτ
622 2605 699 2682 apud
716 2622 887 2683 graecorum
909 2611 1070 2683 utrumque
1093 2599 1217 2686 (ἔμίηνε
1240 2613 1269 2666 et

122 2699 414 2782 διαδολυθείσης),
446 2698 540 2762 oculos
568 2703 715 2780 frustrato
742 2702 813 2764 item
842 2703 918 2782 apud
943 2711 1105 2781 utrumque
1133 2703 1268 2763 recurrit.

120 2804 218 2881 Atque
242 2799 330 2861 etiam
346 2799 455 2859 mirum
479 2798 549 2860 illud
573 2803 729 2880 avertitque
752 2805 814 2862 nias
829 2799 1014 2861 simillimum
1030 2799 1157 2880 Oppiani
1172 2800 1268 2861 verbis

121 2899 235 2961 videtur
269 2892 436 2980 ήμάλδυνε
468 2894 614 2959 κέλευθα
621 2925 632 2974 ,·
665 2899 719 2960 sed
750 2900 830 2961 enim
867 2894 1034 2982 ήμόλόυνε
1070 2898 1150 2959 idem
1188 2898 1268 2978 quod

120 2993 264 3081 ήφάνισε
293 2995 349 3076 (ei
378 2996 503 3072 scholi:
540 2997 644 3076 quodsi
679 3007 810 3060 ουοοιονο
840 2999 924 3060 aliter
955 2997 1046 3078 accipi
1080 3015 1143 3058 nou
1173 2997 1270 3077 possit

121 3105 209 3176 atquc
238 3096 316 3177 apud
340 3094 495 3156 Caesarem
518 3095 587 3156 Bell.
605 3095 676 3158 Gall.
696 3097 708 3157 l
728 3098 765 3158 16
788 3097 840 3159 ubi
868 3097 902 3158 ab
925 3097 1016 3158 Arare
1039 3096 1163 3158 Helvetii
1186 3096 1275 3170 „iter

121 3199 274 3258 avertere“
297 3193 446 3265 dicuntur,
463 3194 521 3255 iam
539 3212 601 3255 non
615 3195 696 3255 idem
710 3195 894 3276 scripserunt
908 3204 1023 3275 poetae.
1048 3196 1108 3257 Sed
1130 3201 1269 3274 potuerat

121 3293 256 3356 facillime
282 3293 371 3372 pangi
398 3292 490 3353 latine
519 3293 693 3375 occultatque
720 3298 795 3367 olom
826 3313 931 3356 vereor
962 3295 1061 3372 itaque
1089 3311 1127 3353 ne
1155 3312 1267 3373 ponere

121 3412 211 3457 ausus
233 3393 323 3454 homo
346 3399 474 3453 avertere
497 3391 537 3452 sit
558 3411 649 3454 sensu
672 3394 772 3466 „furto
795 3395 989 3459 subduceret
1011 3392 1092 3453 velut
1113 3391 1266 3453 dicebant:

121 3499 252 3554 avertere
285 3490 461 3572 pecuniam,
494 3490 705 3564 hereditatem,
737 3474 878 3571 praedam
913 3491 1028 3552 similia.
1083 3489 1268 3553 commeruit

120 3589 231 3671 quippe
253 3597 288 3652 ut
301 3590 348 3650 vel
370 3588 502 3651 inaudita
517 3590 545 3650 ei
568 3589 793 3669 imputaremus.
831 3590 941 3651 Versus
966 3597 1066 3652 autem
1088 3588 1127 3648 21
1152 3589 1268 3651 litterae

120 3707 278 3768 supremae
293 3687 440 3749 abscissae
455 3695 527 3749 sunt
548 3688 734 3768 legimusque
754 3680 870 3770 ιιιήναιιι
884 3694 971 3753 vomit
992 3689 1047 3751 illc
1068 3708 1091 3751 o.
1118 3689 1272 3768 Hauptius‘

120 3786 211 3850 Ulitio
245 3787 320 3848 duce
352 3787 499 3864 ingratum
528 3787 753 3866 hypermetrum
782 3789 863 3850 dedit
888 3793 974 3851 vomit
1003 3790 1078 3852 ilicet
1109 3789 1266 3850 λανιονοιιι.

120 3886 244 3948 Facilior
266 3886 411 3946 correctio
433 3892 485 3947 aut
509 3886 599 3947 haec:
626 3890 715 3947 uomit
734 3888 789 3948 illo
815 3888 937 3949 colorem
961 3897 1012 3950 aut
1034 3888 1149 3968 potius:
1180 3889 1272 3948 comit·

119 3986 173 4046 dic
193 4001 339 4056 ονιιοοοιιις
366 3984 399 4044 iu
421 3984 478 4044 hoc
500 3985 579 4046 euim
603 3985 692 4046 etiam
720 4003 813 4046 sonus
837 3984 1004 4047 Ouidianus‘
1021 3985 1115 4066 qualis
1143 3985 1174 4046 in
1197 3982 1265 4044 liet.

120 4083 171 4144 XV
191 4082 254 4144 596
281 4082 401 4160 legitur:
428 4082 550 4144 rutilum
573 4089 662 4145 comit
687 4084 736 4146 illc
766 4101 896 4146 ortionem
920 4080 974 4158 (ci.
998 4102 1086 4163 supra
1115 4102 1145 4162 p.
1166 4083 1264 4161 dep).

120 4182 249 4244 Accedit
263 4182 343 4260 quod
364 4175 502 4253 όθόλος
517 4182 616 4261 sepiae
638 4183 726 4244 etiam
752 4182 878 4262 Oppiani
900 4183 965 4245 loco
988 4181 1135 4260 adscripto
1157 4180 1266 4242 dicitur

122 4276 212 4362 λχιόρ,
234 4279 322 4341 sicuti
338 4278 452 4340 Plinius
475 4298 594 4360 quoque
616 4282 653 4342 de
675 4282 755 4362 sepia
770 4282 876 4344 lxta:
901 4283 990 4364 effuso
1012 4290 1173 4342 atramento
1191 4279 1266 4360 ηυοό
1376 4310 1382 4321 ν

118 4397 174 4457 pro
195 4380 334 4458 senoniae
356 4379 398 4441 dis
420 4388 473 4451 cst,
504 4386 534 4440 et
556 4379 666 4441 iterum
678 4380 762 4443 xis:
785 4385 878 4461 septae
899 4386 931 4442 tn
951 4383 1030 4443 mori
1049 4383 1197 4462 scopulosi
1217 4382 1265 4440 oi-
