2924 5018
616 258 856 323 -144-

750 427 822 520 φροί
850 435 1001 516 legebatur
1042 435 1216 520 στέριφας
1256 436 1323 500 iden

751 535 913 617 particulae
935 533 993 597 aul
1007 535 1100 599 latine
1116 536 1321 600 substitutum

751 644 796 698 eet
810 636 893 699 elias.
927 636 1032 699 Veram
1046 635 1217 699 lectionem
1229 636 1321 698 Athe·

750 753 843 799 uaeus
865 732 986 796 tenebat
999 754 1029 815 p.
1042 732 1146 797 32:31³.
1177 734 1322 798 Similiter

750 835 799 895 Ar.
815 853 843 916 p.
853 832 946 896 631u
965 832 1002 895 13
1029 852 1084 915 pro
1101 828 1224 908 ἁλιεύς
1238 834 1320 915 lege-

751 934 837 997 batur
872 930 1028 1014 βασιλεὺς
1063 931 1125 1015 (ef.
1160 932 1320 1015 Montigny

748 1052 777 1113 p.
793 1033 857 1108 67),
880 1039 953 1113 etp.
968 1031 1062 1095 622Α
1078 1031 1121 1094 30
1145 1026 1210 1095 uliae
1226 1025 1321 1095 ἐλύτ-

748 1121 821 1194 τον’
833 1124 937 1194 ἐνίοτε
948 1134 982 1193 ef.
997 1130 1202 1195 Pun1x54:
1220 1132 1321 1195 οτοίνο

748 1230 876 1311 delphini
887 1230 1112 1311 mnpuitndaieem
1126 1232 1293 1294 eaeeuena.

164 1360 255 1440 (Haec
301 1360 407 1423 iterum
445 1359 554 1423 omissa
597 1358 720 1421 consiliu
749 1352 876 1419 ἔστιδὲ
903 1351 921 1419 e‘
947 1352 1076 1441 ἄρρην
1100 1352 1321 1422 ποικιλώ-

163 1458 303 1521 videutur
324 1459 434 1541 quippe
456 1459 513 1520 iam
537 1463 555 1535 ξ
577 1456 617 1521 84
647 1459 721 1519 lenta
748 1475 861 1538 τερος
886 1453 953 1517 καί
980 1448 1321 1539 μείύντοροςτύν

164 1565 193 1620 et
216 1559 337 1638 quidem
360 1558 415 1622 ita:
437 1561 604 1639 saepiarum
623 1560 724 1638 peperi
748 1554 852 1620 aniana

163 1676 257 1720 mares
279 1658 370 1737 magis
391 1661 472 1719 aurii
490 1667 516 1719 et
537 1657 701 1738 na'pm'eres.)

163 1796 292 1878 polypi
372 1797 490 1858 hieme
566 1785 994 1873 coeunt.p.544A7:u‘
1024 1783 1318 1867 &laetitiamve

162 1897 315 1976 pariunt
359 1914 443 1957 vere
488 1913 549 1956 uva
593 1893 719 1955 tortili
749 1886 938 1970 ὀχεύεται
981 1890 1052 1953 τού
1095 1893 1316 1973 χειμῶνος,

162 1994 302 2056 vibrata
325 1994 507 2075 pampino,
747 1992 877 2052 τίκτει
894 1987 1023 2052 δὲτού
1045 1985 1315 2072 inpoenitenti

747 2084 890 2172 φωλεύει
903 2087 980 2168 περί
996 2083 1056 2149 δύο
1067 2088 1193 2171 μῆνας·
1207 2093 1314 2153 τίιιτει

747 2184 785 2250 δὲ
813 2184 856 2250 τύ
894 2178 971 2271 ιμ’ὸν
1009 2181 1209 2272 καθάπερ
1241 2191 1313 2271 βο-

747 2280 940 2367 στρύχων
960 2277 1081 2368 ὅμοιον
1098 2284 1147 2370 τῷ
1162 2288 1223 2371 τῆς
1238 2286 1312 2352 λον-

746 2385 803 2468 ιιῆς
829 2384 956 2469 καρπῳ.
998 2381 1154 2446 ἔστιδὲ
1182 2380 1309 2452 πολύ·

746 2503 868 2561 γονον
896 2482 933 2546 τὸ
966 2480 1064 2568 ζῷον·
1094 2479 1130 2544 ae
1161 2486 1230 2570 reip
1255 2486 1306 2550 τιύ

747 2577 1011 2665 ἀποτικτομένοο
1047 2578 1229 2667 ἄπειρον
1261 2586 1303 2668 yi-
1362 2580 1368 2595 '

746 2702 837 2744 νεται
862 2677 1034 2765 πλῆθος.

160 2796 718 2863 tautaieeunditateutmulti-
745 2812 773 2875 p.
786 2790 1308 2876 55οΑ1ετὸδίπλῆθοςέχιι

161 2900 330 2962 tudinem
347 2916 496 2959 ovorum
520 2896 630 2959 *oeeisi
644 2914 718 2958 uon
745 2892 920 2955 τοσαῦτα
941 2887 995 2978 ᾠὰ
1014 2886 1096 2966 ύςτ’
1111 2890 1309 2978 ἐξαιρεθέν-

160 2998 350 3079 reeipiunt
373 3015 459 3058 cavo
486 2996 623 3075 capitis
650 3013 719 3076 quo
745 3012 811 3055 των
847 2988 1140 3073 ἐμπίμπλαται
1171 2988 1310 3073 ἀγγεῖον

160 3104 409 3177 praegnantes
438 3097 571 3158 tulere.
607 3095 720 3174 (ltaque
746 3086 883 3173 πολλῷ
912 3086 1058 3171 μεῖζον
1082 3090 1151 3173 τῆς
1178 3114 1310 3178 κιφα-

159 3196 287 3277 scriptor
340 3195 449 3257 latinus
504 3202 533 3256 et
592 3193 719 3274 parietes
747 3186 814 3272 λῆς
842 3185 884 3252 ἐν
912 3176 934 3271 ᾖ
963 3186 1044 3268 ἔχει
1075 3191 1190 3270 (potius
1229 3193 1309 3272 είχο)

159 3314 302 3376 specuum
325 3303 355 3356 et
381 3294 531 3356 vasculum
553 3293 719 3355 emissurus
746 3287 793 3350 τὰ
823 3283 887 3371 ᾠά.

158 3413 222 3456 rem
253 3395 360 3458 leniter
384 3393 560 3456 immutavit.
606 3393 719 3454 Tamen

160 3498 244 3556 neciea'
285 3492 367 3557 omni
415 3511 504 3556 seusu
543 3491 718 3555 destitutum

159 3601 219 3667 est;
240 3592 387 3671 flagitatur
408 3592 503 3672 enin).

159 3716 199 3776 Ea
257 3716 461 3778 excludunt
525 3715 718 3796 quinqua·
744 3712 786 3775 τὰ
815 3711 875 3797 pir
912 3708 970 3779 οὖν
1005 3714 1070 3778 τῶν
1099 3712 1308 3781 πολυπόδων

158 3814 296 3894 gesimo
324 3815 393 3888 die,
427 3815 573 3895 equibus
594 3814 717 3876 'multa
745 3804 841 3895 μεθ’
867 3808 1016 3895 ἡμέρας
1040 3807 1185 3896 μάλιστα
1206 3836 1307 3879 πον-

158 3924 312 3995 prnpter
372 3931 530 3976 numerum
596 3913 717 3975 inter·
743 3909 921 3996 τήκοντα
963 3915 1124 3991 γίνεται
1164 3911 1200 3975 ἐκ
1239 3914 1308 3979 τοῖν

159 4014 299 4077 ciduut.
743 4006 999 4095 ἀπορραγέντων
1020 4003 1233 4075 πολοπύδια·
1261 4005 1307 4079 νίν

742 4107 762 4194 ἡ
789 4109 851 4194 μὲν
876 4105 958 4172 καθ’
975 4113 1098 4173 ἕκαστα
1112 4106 1214 4195 φύσις
1240 4110 1307 4177 τοῖν

742 4205 847 4292 μελῶν
860 4207 954 4272 ούπω
968 4205 1141 4294 διάδηλος,
1157 4206 1178 4294 ἦ
1194 4205 1227 4273 δ’
1244 4206 1305 4295 ὅλρ

740 4307 853 4392 μορφὴ
884 4307 1022 4393 φανεροί.
1068 4306 1142 4371 διὰ
1176 4306 1216 4372 δὲ
1244 4309 1306 4394 τὴν

740 4407 923 4493 μικρότητα
948 4407 1005 4470 καὶ
1034 4405 1093 4492 τὴν
1118 4402 1307 4475 ἀσθένειαν
