2924 5018
601 305 840 370 -2022-

252 481 381 562 Polypus
402 483 503 544 haeret
526 493 556 544 et
578 482 633 545 hac
656 485 747 546 eludit
769 485 880 564 proelia
903 486 1018 546 fraude:

251 582 376 643 Pressus
399 583 460 663 lege
482 582 538 643 loci
560 582 650 645 sumit
673 592 827 664 mutatque
850 584 980 647 colorem

253 683 375 760 Semper
397 681 423 742 ei
445 681 549 743 similis
573 701 662 762 quem
685 683 819 762 contigit,
841 691 931 764 atque
954 683 1003 744 uhi
1027 686 1162 763 praedam

194 787 226 837 35
251 780 433 841 Pendentem
458 782 546 842 saetis
569 781 670 844 avidus
693 782 779 863 rapit,
803 782 851 844 hie
873 802 992 863 quoque
1014 784 1096 857 fallit,

251 878 335 940 Elato
358 879 469 941 calamo
492 899 560 942 cum
582 882 703 953 demum
727 900 862 945 emersus
886 883 917 944 in
939 900 1024 944 auras

252 976 372 1039 Brachia
395 972 530 1041 dissolvit
553 981 788 1062 populatumque
811 980 911 1062 expuit
934 982 1065 1042 hamum.

201 1071 203 1074 ⁴
252 1076 401 1155 remugit
424 1079 514 1140 cauda
537 1079 718 1158 pendentem
742 1080 896 1142 everberat
917 1100 1015 1142 eseam

253 1176 473 1256 Excussamque
496 1178 571 1257 legit.
615 1177 718 1258 Lupus
740 1178 800 1241 acri
817 1180 956 1252 ¹concitus
979 1192 1045 1242 sere

195 1281 228 1330 to
253 1273 394 1336 Discursu
416 1275 513 1338 fertur
534 1277 615 1339 vario
637 1278 805 1359 fluctusque
827 1278 957 1341 ferentes

254 1373 449 1454 Prosequitur
470 1383 649 1457 quassatque
671 1384 770 1458 caput,
793 1378 863 1439 dum
888 1378 1009 1439 vulnere
1032 1392 1136 1439 saevus

251 1471 360 1533 Laxato
383 1473 467 1535 cadat
489 1472 596 1536 hamus
616 1483 648 1536 et
669 1492 719 1538 ora
742 1477 872 1556 patentia
896 1476 1016 1556 linquat.

252 1570 312 1632 Nec
333 1572 470 1650 proprias
490 1573 567 1635 vires
589 1574 684 1636 nescit
706 1592 830 1636 murena
855 1574 982 1637 nocendi

253 1669 417 1751 duxiliique
439 1670 495 1744 sui,
519 1688 620 1735 morsu
643 1686 698 1735 nec
720 1674 856 1736 cominus
880 1673 939 1737 acri

178 1776 212 1825 45
257 1768 359 1831 Deficit
378 1778 431 1832 aut
452 1770 567 1832 animos
588 1772 676 1852 ponit
697 1772 808 1855 captiva
832 1772 969 1836 minacis:

175 1869 230 1921 4511
253 1870 369 1936 Amplius
387 1886 416 1921 os
433 1871 506 1920 hemo
525 1877 603 1922 voret
620 1871 754 1938 creditque
770 1873 808 1923 its
826 1872 914 1923 linem.

253 1954 378 2016 lutitiae
399 1953 445 2015 his
467 1961 550 2033 tergo
572 1972 649 2034 quae
672 1973 733 2017 non
756 1954 836 2018 videt
858 1955 953 2017 utitur
975 1953 1065 2015 armis

254 2053 317 2113 Vim
340 2052 444 2132 spinae
467 2051 608 2132 novitque
629 2072 701 2115 suae
723 2071 869 2134 versoque
892 2053 1016 2133 supinus

254 2153 384 2232 Corpore
405 2151 466 2213 lina
486 2159 569 2212 secat
591 2151 744 2233 fixumque
765 2152 919 2232 intercipit
939 2153 1072 2213 hamum.

338 2252 442 2313 Cetera
465 2269 540 2332 quae
562 2250 671 2313 densas
694 2251 830 2314 habitant
850 2250 987 2312 animalia
1010 2249 1095 2312 silvas

198 2358 231 2408 50
258 2352 315 2411 dut
337 2350 403 2411 vani
427 2349 564 2430 quatiunt
587 2368 705 2432 semper
726 2351 874 2431 lymphata
898 2349 1021 2411 timores

255 2450 315 2512 dut
336 2448 427 2511 trahit
449 2448 480 2508 iu
503 2465 644 2529 praeceps
667 2466 728 2511 non
750 2466 821 2511 sana
843 2448 952 2510 ferocia
975 2448 1094 2510 mentis.

254 2549 359 2628 Saepta
381 2547 466 2626 sequi
489 2557 594 2609 natura
618 2556 720 2611 monet
743 2549 789 2611 rel
811 2548 977 2611 comminus
999 2547 1052 2609 ire.

253 2650 382 2730 Impiger
404 2666 472 2711 ecce
494 2647 540 2711 leo
563 2654 725 2710 venantum
750 2656 884 2710 sternere
905 2647 1001 2727 pergit

253 2748 379 2827 Agmina
400 2755 430 2810 et
451 2746 581 2810 adversis
603 2746 693 2810 infert
714 2764 767 2811 sus
790 2753 910 2830 pectora
933 2744 999 2808 telis

197 2856 229 2905 55
256 2847 383 2927 Quoque
405 2847 486 2909 venit
507 2847 601 2909 fidens
624 2845 717 2926 magis
740 2851 770 2907 et
791 2845 934 2908 sublatior
955 2845 1040 2908 ardet

254 2945 471 3028 concussitque
493 2954 575 3009 toros
599 2952 629 3008 et
651 2944 764 3008 viribus
786 2944 900 3007 addidit
921 2945 1005 3017 iram,

255 3045 386 3109 Procidit
407 3054 574 3127 atquesuo
596 3053 735 3126 properat
757 3043 814 3106 sibi
835 3043 943 3105 robore
964 3043 1065 3106 letum.

254 3145 369 3207 Foedus
391 3143 518 3208 Lucanis
541 3141 724 3225 provolvitur
746 3160 834 3204 ursus
857 3142 894 3203 ab
917 3141 1021 3216 antris,

255 3243 331 3317 Quid
355 3243 412 3305 nisi
436 3243 555 3324 pondus
576 3243 657 3304 iners
678 3240 862 3322 stolidaeque
884 3239 992 3303 ferocia
1015 3236 1148 3303 montisi

197 3351 230 3400 ou
256 3344 347 3405 dctus
370 3362 439 3423 aper
462 3341 551 3405 saetis
573 3343 647 3404 iram
669 3339 825 3403 denuntiet
847 3339 944 3402 hirtis:

259 3443 318 3504 Sed
342 3441 402 3503 ruit
424 3441 553 3522 oppositi
575 3439 676 3501 nitens
697 3439 730 3501 in
752 3439 873 3501 vulnere
897 3439 966 3501 ferri

255 3541 380 3602 Pressus
403 3549 432 3602 el
454 3540 562 3602 emisso
585 3537 711 3601 moritur
733 3554 787 3618 per
809 3537 919 3600 viscera
942 3538 1012 3599 telo.

255 3640 352 3701 Altera
375 3658 444 3719 pars
468 3639 562 3701 fidens
584 3635 710 3718 pedibus
733 3637 783 3698 dat
804 3643 886 3717 terga
910 3637 1048 3715 sequenti

255 3739 294 3800 Ut
315 3738 412 3818 pavidi
433 3739 560 3819 lepores,
582 3745 617 3799 ut
638 3737 718 3799 fulvo
741 3745 859 3818 tergore
881 3737 1018 3799 dammae

197 3845 230 3894 65
257 3836 295 3896 Et
316 3843 400 3916 capto
423 3836 540 3916 fugiens
562 3855 666 3898 cervus
688 3837 753 3899 sino
776 3837 834 3899 tine
856 3837 972 3898 timore

256 3934 309 3994 Hic
331 3952 494 4013 generosus
516 3935 614 3997 honos
637 3943 667 3996 et
688 3935 779 4014 gloria
802 3936 896 3998 maior
919 3953 1074 4016 equorum,

155 4071 367 4078 .-——--.—-—-

225 4136 277 4199 ἥ.
290 4165 312 4215 p.
327 4149 367 4200 76.
401 4136 453 4199 33.
465 4162 489 4212 p.
502 4147 543 4197 76.
573 4135 625 4198 84.
638 4162 661 4214 p.
675 4147 715 4199 38.
746 4137 982 4215 Silenemprotrs
999 4146 1297 4198 redelendumsssotsn-

155 4230 211 4281 dem
229 4231 288 4281 mihi
307 4246 408 4281 carmen
426 4231 483 4280 dum
501 4230 620 4280 describo
639 4230 749 4294 effulsit3
777 4228 809 4281 ci.
828 4229 906 4281 Ovidi
925 4244 957 4279 ex
975 4227 1057 4279 Ponto
1078 4227 1098 4278 ll
1119 4229 1143 4291 7,
1166 4229 1210 4289 103
1237 4229 1298 4278 vide

156 4328 180 4380 p.
202 4313 247 4374 703
274 4306 371 4364 trustra
392 4313 472 4364 verbs
496 4306 544 4362 leci
570 4328 592 4378 p.
614 4313 638 4364 d.
691 4303 743 4362 4⁰·
766 4329 789 4378 p.
808 4312 849 4362 38.
904 4302 956 4363 41·
978 4324 1001 4377 p.
1016 4312 1062 4371 703
1088 4322 1119 4360 n
1145 4310 1213 4360 forte
1235 4312 1297 4362 Per-

155 4396 287 4460 sequitur?
321 4386 396 4446 45ba
417 4396 497 4462 pil.
531 4385 585 4447 40·
608 4411 632 4460 p·
647 4394 686 4448 19.
721 4387 774 4445 51·
792 4406 816 4461 p.
830 4395 870 4446 25.
889 4395 930 4447 38.
966 4386 1112 4459 eapte.
1149 4382 1201 4445 57·
1220 4392 1297 4460 plu.

150 4467 408 4542 .010Seruitllhri5
435 4474 509 4543 volgo
528 4477 641 4529 illevit.
694 4466 748 4528 65.
766 4470 844 4544 ΜΒ.
898 4467 951 4527 66.
969 4470 1049 4543 p.23.
