2924 5018
604 200 846 264 -200—

156 376 349 458 Epistularum
365 377 487 439 omnino
503 376 663 440 addidisset
679 377 710 439 ni
724 378 817 450 fallor,
833 377 891 440 nisi
906 378 1031 440 alterum
1045 378 1143 441 alteri
1163 378 1319 441 titulorum

155 495 303 558 opponere
318 476 466 549 voluisset,
488 477 728 557 quandoquidem
749 477 865 539 titulum
881 494 978 558 neque
992 477 1110 559 reliqui
1127 478 1320 559 grammatici

156 577 261 638 addere
289 576 387 638 solent
414 595 510 657 neque
540 576 688 638 Charisius
717 577 779 657 ipsa
807 576 918 638 addidit
944 577 1038 639 altero
1070 577 1145 640 loco
1171 599 1204 660 p.
1225 578 1320 640 nolli

157 678 226 739 dum
249 677 327 739 Artis
354 695 473 738 versum
496 675 610 757 rsosq.
633 677 746 738 laudat:
777 674 928 739 Horatius:
950 677 1035 750 „licet
1055 682 1237 743 succurrite
1259 678 1319 740 lou·

153 796 222 857 pum
244 775 374 838 elamet‘.
411 776 544 856 Denique
567 777 605 837 de
621 776 732 838 Charisi
748 776 844 840 verbis
862 777 1052 858 explanandis
1077 784 1131 841 est
1147 778 1248 841 etiam
1264 797 1318 859 quo

157 877 325 939 discordare
346 894 414 937 cum
436 875 675 955 Zangemeistero
698 892 760 937 non
782 876 847 937 sine
869 877 967 939 lructu
990 875 1120 956 possim.

241 975 365 1037 Pisones
399 994 468 1037 vero
502 973 612 1056 quibus
650 975 739 1038 missa
776 977 830 1037 Ars
867 975 923 1037 fuit
961 975 992 1037 in
1026 993 1058 1037 re
1094 977 1224 1056 poetica
1261 994 1318 1039 non

156 1077 290 1138 videmus
313 1093 432 1136 curasse
464 1067 522 1136 nisi
556 1074 731 1152 tragoedias,
765 1093 862 1155 neque
897 1074 988 1153 magis
1022 1076 1205 1154 tragoedias
1242 1077 1317 1157 ipsas

157 1193 244 1255 quam
283 1174 422 1254 satyricus
456 1173 568 1236 fabulas
608 1172 677 1246 (buc
710 1173 788 1235 enim
822 1174 964 1235 concedet
997 1172 1047 1253 qui
1080 1173 1189 1254 legere
1228 1176 1317 1238 libros

156 1291 217 1335 non
235 1274 326 1335 oculis
342 1274 447 1344 solum,
472 1273 523 1334 sed
541 1281 641 1334 mente
657 1291 775 1353 quoque
789 1271 1005 1352 consueverit)3
1026 1289 1137 1334 vereor
1153 1274 1265 1357 itaque
1281 1294 1317 1337 ne

157 1372 196 1433 illi
221 1382 250 1434 et
271 1373 389 1451 ingenio
406 1391 460 1434 suo
475 1380 506 1434 et
520 1372 620 1434 indole
636 1381 666 1433 et
681 1372 836 1452 disciplina
851 1371 888 1434 ab
906 1372 978 1452 ipsis
993 1371 1120 1434 acueris
1137 1376 1317 1454 Augusteae

158 1472 262 1534 aetatis
295 1471 401 1532 litteris
435 1472 589 1533 alieniores
621 1471 742 1544 luerint,
775 1471 924 1533 alliniores
957 1489 1027 1532 vero
1049 1471 1243 1536 Ciceronum
1273 1474 1314 1537 illi

158 1571 275 1632 saeculo
298 1589 356 1650 quo
374 1570 593 1650 incomparabili
613 1579 663 1633 aut
682 1570 791 1650 ingenii
806 1579 858 1633 aut
872 1589 978 1632 manus
994 1570 1122 1648 agilitate
1140 1573 1317 1636 conscribi·

157 1669 275 1731 litandis
297 1668 457 1749 tragoediis
473 1669 628 1731 cotidianis
644 1671 705 1732 lere
727 1670 858 1732 insanire
881 1670 917 1732 ad
941 1669 1147 1732 doctissimum
1166 1680 1200 1734 et
1215 1673 1316 1736 bone·

158 1769 323 1831 stissimum
347 1787 496 1849 quomque
524 1769 698 1849 pertinebat
743 1770 829 1832 Certe
851 1769 1006 1850 satyricam
1029 1769 1211 1834 OEceronum
1237 1774 1315 1837 alter

159 1876 204 1930 est
228 1886 317 1948 quem
341 1867 544 1948 composuisse
577 1867 705 1930 sciamus
740 1867 878 1930 fabulam.
923 1869 1020 1949 Atque
1041 1869 1144 1931 eadem
1169 1878 1314 1952 tempora

158 1968 221 2030 fere
243 1966 350 2047 Lyncei
373 1966 558 2046 Propertiani
582 1967 715 2028 animum
738 1967 851 2030 referre
872 1967 1062 2044 crediderim3
1089 1966 1183 2034 huius
1206 1980 1313 2034 autem

162 2065 305 2129 orationis
327 2061 469 2147 λήκυθοι
492 2075 570 2127 certe
593 2066 787 2145 avergiliana
810 2068 858 2129 illa
881 2067 997 2130 licentia
1016 2075 1133 2147 sumpta
1157 2071 1313 2149 pudenter

162 2165 289 2228 multum
327 2164 485 2225 distabant.
530 2165 631 2244 ltaque
665 2184 703 2227 an
740 2165 776 2227 ab
813 2165 884 2246 ipsis
917 2165 1164 2229 obtrectatoribus
1201 2168 1312 2249 Vergili

163 2263 377 2345 Vergilianique
392 2264 538 2326 sermonis
555 2265 678 2327 Pisones
694 2273 772 2328 stare
794 2266 917 2328 omnino
940 2283 1002 2329 non
1025 2265 1180 2347 potuerint
1196 2270 1309 2333 nescio.

162 2362 259 2425 Nihilo
283 2363 381 2424 minus
404 2382 507 2425 versus
522 2364 600 2426 Artis
617 2363 741 2428 48-72
765 2365 814 2441 (de
835 2364 943 2445 quibus
964 2365 1110 2428 Michaelis
1126 2385 1155 2446 p.
1172 2366 1239 2428 422
1249 2367 1310 2449 sq.)

163 2481 236 2524 num
258 2471 325 2542 apte
347 2462 383 2524 ad
405 2462 544 2525 Pisonem
567 2474 680 2544 patrem
704 2465 832 2526 maxime
854 2464 1057 2527 scriberentur
1078 2482 1216 2547 numque
1247 2468 1311 2530 dis·

162 2562 270 2642 plicere
296 2563 390 2624 oratio
412 2563 550 2625 Aeneidis
574 2572 603 2625 et
625 2564 695 2627 huic
716 2573 744 2625 et
767 2562 830 2626 aliis
853 2563 999 2645 potuisset
1020 2582 1162 2645 quaerere
1189 2566 1309 2630 distuli:

163 2658 226 2738 ἐγώ
253 2657 314 2741 μὲν
341 2653 380 2723 οὗ
407 2658 471 2723 δέω
499 2661 602 2725 ταῦτα
623 2661 863 2744 μαρτυρεῦντας
885 2680 939 2725 nec
961 2662 1037 2725 scire
1057 2662 1102 2725 las
1124 2670 1172 2726 est
1195 2666 1310 2729 omnia.

247 2759 282 2820 ln
305 2760 419 2840 plagula
435 2770 535 2822 autem
552 2762 683 2842 proxima
699 2760 787 2823 simul
802 2770 832 2824 et
846 2770 997 2843 postrema
1012 2761 1144 2843 ipsorum
1162 2763 1311 2839 Halieuti·

164 2876 266 2919 curum
297 2860 456 2922 latinorum
490 2860 650 2939 imaginem
680 2862 897 2941 complanatam
926 2861 969 2923 sio
994 2863 1055 2924 iere
1085 2870 1118 2924 ut
1147 2863 1311 2927 obvenisse

164 2956 257 3018 Plinio
282 2960 418 3021 credatur
440 2960 759 3048 ostenderevoluimus
782 2959 942 3023 arbitrariis
965 2961 1004 3022 ibi
1026 2961 1147 3024 intextis
1169 2962 1225 3026 ubi
1242 2983 1311 3028 vera

163 3056 301 3118 latebant.
