2924 5018
603 253 843 318 -140-

257 450 347 512 quare
384 431 499 493 nullum
534 432 605 493 facit
642 431 744 493 nidum
769 429 899 512 *alioqui
931 430 1123 511 trepidum
1163 430 1309 492 animal.

257 531 392 594 Educet
415 549 483 609 ergo
506 531 693 594 subditum
716 531 879 593 adulterato
901 529 977 592 leta
999 529 1102 600 nido,

157 665 244 726 babet
255 664 428 726 Aristoteles
440 662 471 723 in
483 682 512 743 p.
524 661 618 725 618Α
632 663 689 723 25:
706 660 799 724 δοκεῖ
810 655 844 724 d'
857 650 874 722 ὁ
887 658 1005 733 κόκκυξ
1015 657 1188 743 φρόνιμον
1200 666 1310 720 ποιεῖ-

156 764 243 824 σθαι
258 760 317 846 τὴν
334 764 502 825 τέκνωσιν.
532 759 590 823 διὰ
611 759 673 843 γὰρ
697 759 733 824 τὸ
758 757 992 824 συνειδέναι
1017 754 1110 842 αὐτῷ
1133 756 1200 841 τὴν
1226 755 1309 820 δει-

156 858 247 925 λίαν
276 859 333 923 καὶ
362 854 413 923 ὅτι
444 856 502 923 οὐκ
532 856 572 924 ἄν
601 855 737 923 δύναιτο
766 859 951 941 βοηθῆσαι,
982 856 1042 921 διὰ
1066 855 1172 920 τοῦτο
1202 849 1309 938 ὥςπερ

156 956 487 1043 ὑποβολιμαίους
509 967 605 1021 ποιεῖ
618 955 695 1032 τούς
716 955 834 1021 ἑαυτοῦ
849 955 998 1032 νεοττοὺς
1020 962 1087 1020 ἵνα
1103 953 1307 1019 σωθῶσιν.

155 1055 222 1143 τήν
251 1056 313 1142 γὰρ
343 1055 500 1121 δειλίαν
529 1052 732 1140 ὑπερβάλλει
761 1056 856 1120 τοῦτο
882 1055 919 1121 τὸ
946 1053 1070 1140 ὄρνεον
1113 1051 1308 1117 τίλλεται

155 1157 226 1236 γὰρ
252 1150 329 1220 ὑπὸ
355 1157 429 1219 τῶν
454 1156 602 1238 μικρῶν
628 1153 775 1240 ὅρνεοιν
799 1155 855 1219 καὶ
878 1153 994 1239 φεύγει
1021 1149 1115 1218 adrui.
1147 1154 1189 1216 Et
1205 1173 1234 1214 v.
1253 1150 1307 1214 tt:

156 1249 242 1319 ἀλλ’
269 1254 311 1320 ἐν
340 1249 384 1318 οὗ
409 1252 454 1319 ἂν
479 1251 567 1338 τέκῃ
595 1255 754 1334 νεοττιᾷ
779 1249 895 1329 οὗτος
921 1251 1030 1339 ὄρνις
1056 1248 1306 1315 ἕκκολοίπτει

156 1354 228 1417 καὶ
257 1357 402 1440 τρέφει.
438 1354 523 1435 Apud
538 1354 665 1416 Plinium
690 1355 759 1440 quia
780 1354 894 1417 etiamsi
922 1364 949 1416 et
970 1354 1078 1435 ulloqui
1098 1352 1217 1414 inieras
1240 1366 1306 1412 sen-

156 1473 206 1516 sus
222 1474 326 1535 parum
342 1455 467 1527 iuvatur,
485 1473 645 1534 sequamur
656 1454 842 1516 Aristotelem
857 1454 919 1515 fere
934 1453 974 1515 ita
986 1452 1088 1514 velim:
1104 1451 1186 1513 Adeo
1203 1454 1305 1533 quippe

156 1555 296 1634 trepidum
328 1554 446 1616 animal.
490 1553 584 1616 Porro
617 1553 654 1614 iis
688 1571 764 1633 quae
799 1561 959 1633 supersunt
990 1550 1088 1614 tabula
1110 1550 1147 1611 fit
1169 1548 1305 1612 doctriua

156 1653 337 1715 Aristotelis:

258 1765 307 1827 llle
328 1765 431 1827 avidus
455 1785 489 1827 ex
511 1773 616 1828 natura
651 1765 830 1846 praeripit
856 1766 957 1828 cibos
988 1763 1109 1843 reliquis
1133 1760 1229 1842 pullis
1251 1760 1304 1823 ita·

256 1884 314 1943 que
336 1865 502 1945 pinguescit
525 1873 555 1926 et
577 1864 721 1926 nitidus
743 1864 782 1925 in
816 1885 853 1926 se
887 1863 1075 1926 nutricem
1098 1860 1304 1935 convertit3

256 1964 321 2025 illa
354 1965 489 2043 gaudet
523 1964 601 2025 eius
635 1963 755 2043 specie
790 1963 973 2044 miraturque
1005 1981 1070 2025 sese
1102 1961 1202 2041 ipsam
1226 1958 1304 2040 quod

256 2064 343 2124 talem
358 2064 515 2144 pepererit.
554 2063 647 2125 Suos
669 2065 890 2143 comparatione
913 2063 974 2124 eius
991 2062 1111 2124 damnat
1135 2067 1171 2122 ut
1192 2058 1304 2122 alienos
1343 2082 1346 2087 ·

255 2160 460 2243 absumique
483 2163 572 2224 etiam
594 2181 626 2223 se
648 2162 835 2241 inspectante
858 2161 1003 2241 patitur
1033 2160 1153 2221 donec
1183 2156 1304 2221 corri-

256 2259 333 2340 piat
354 2261 472 2341 ipsam
495 2279 613 2341 quoque
636 2261 693 2322 iam
717 2260 832 2322 volandi
854 2268 969 2341 potens.

156 2385 326 2448 Aristoteles
350 2386 429 2448 enim
453 2387 545 2449 varias
569 2404 747 2468 componere
769 2387 932 2449 sententias
955 2384 1025 2448 satis
1047 2383 1137 2445 babet
1160 2400 1191 2464 p.
1208 2382 1300 2446 618l

158 2484 283 2565 ldsqq.:
306 2495 356 2548 aut
370 2487 406 2548 ab
422 2505 475 2548 ave
487 2486 546 2548 leta
561 2488 655 2567 pullos
671 2506 741 2550 suos
757 2485 811 2548 eici
827 2488 871 2550 vel
886 2486 1012 2549 interfici
1028 2483 1139 2565 quippe
1156 2482 1257 2564 magis
1270 2500 1298 2545 ca

156 2584 301 2663 gaudente
336 2586 431 2649 cuculi
464 2587 576 2667 specie,
610 2596 660 2649 aut
681 2606 698 2649 a
719 2588 840 2668 parvulo
864 2587 968 2649 cuculo
1002 2585 1131 2647 aviculae
1166 2582 1301 2647 devorari

157 2685 266 2765 pullos,
282 2693 332 2748 aut
346 2687 447 2767 potius
463 2686 561 2749 cibum
578 2686 704 2768 praeripi
725 2687 761 2749 ab
776 2707 810 2749 eo
825 2688 864 2749 ita
880 2696 913 2750 ut
927 2690 1005 2749 lame
1021 2683 1125 2767 reliqui
1140 2682 1303 2746 intereant

157 2785 192 2845 lt
216 2805 286 2847 vero
304 2805 375 2848 voce
396 2790 552 2866 pinguescit
566 2786 693 2866 scriptor
715 2787 823 2849 latinus
839 2787 876 2848 ad
891 2783 1056 2848 Aristotelis
1078 2784 1180 2845 locum
1204 2799 1305 2845 reuer-

157 2883 230 2944 titur
245 2885 385 2963 priorem
401 2884 451 2945 ubi
466 2895 511 2946 est
522 2904 551 2965 p.
565 2886 657 2947 soal
671 2885 705 2947 3:
719 2887 844 2968 γίνεται
860 2884 898 2948 δὲ
912 2887 1011 2956 πίων,
1027 2885 1159 2964 itemque
1177 2902 1215 2944 ea
1227 2880 1305 2943 Plini

156 2983 304 3043 sententia
337 3002 394 3063 qua
418 2984 454 3045 de
477 2985 581 3046 cuculo
605 2985 764 3065 disputatio
792 2984 957 3047 clauditur:
991 2982 1075 3044 ιιιιίίο
1103 2990 1172 3042 tunc
1204 2983 1304 3044 οοίνιιι

156 3084 296 3144 suavitate
318 3085 414 3144 corcis
434 3091 617 3162 comparatur
635 3083 686 3157 illi,
709 3084 787 3145 idem
812 3083 868 3144 iste
891 3082 972 3144 locus
994 3079 1139 3161 repetitur
1162 3079 1217 3160 qui
1239 3085 1302 3140 est:

155 3181 281 3258 γίνεται
305 3178 343 3243 δὲ
369 3183 459 3244 πίων
473 3181 529 3242 καὶ
555 3172 760 3266 ἡδύκρεως
782 3179 883 3244 κατὰ
904 3181 1044 3243 τοῦτον
1063 3177 1129 3241 τὸν
1154 3174 1304 3261 καιρὸν

155 3274 344 3364 μάλιστα.
381 3282 436 3343 drs
453 3288 561 3361 aperta,
584 3289 719 3361 apertum
742 3282 873 3344 studium
896 3278 1056 3360 elegantiae
1078 3276 1187 3359 quoin
1203 3285 1302 3340 artum

156 3382 275 3442 collecta
297 3379 463 3443 Aristotelis
487 3380 634 3443 volumina
656 3380 725 3443 sint.
830 3382 833 3387 ’

241 3480 432 3543 Examinetur
466 3480 598 3542 eiusdem
622 3480 697 3541 Plini
732 3480 800 3542 libri
822 3479 912 3542 etiam
936 3476 1027 3554 §322
1064 3475 1152 3539 Corvi
1176 3480 1304 3557 potunt

157 3597 221 3640 rum
248 3580 406 3660 plurimum
431 3584 545 3660 quacum
580 3580 750 3643 Aristoteles
773 3599 800 3660 p.
817 3577 878 3642 618
895 3579 917 3640 B
937 3577 973 3639 13
996 3577 1050 3639 ita:
1083 3577 1187 3638 τίκτει
1218 3570 1253 3639 d’
1283 3568 1302 3639 d

157 3674 258 3759 κόραξ
282 3677 339 3739 καὶ
364 3680 502 3759 τέτταρα
527 3679 584 3740 καὶ
608 3676 719 3741 πέντε.
764 3678 875 3741 Deinde
897 3694 982 3739 vero:

257 3813 689 3884 oreeosparereaut
716 3800 1302 3889 coirevulgusarbitratur

257 3901 448 3981 ideoque
499 3903 706 3983 gravidas
760 3905 796 3966 si
846 3903 1026 3966 ederint
1069 3903 1302 3968 corvinum

257 4018 377 4063 ovum
414 4019 488 4082 per
524 4021 567 4064 os
604 4010 775 4083 partum
808 4003 995 4066 reddere
1028 4010 1116 4083 atque
1141 4002 1173 4064 in
1199 4010 1301 4069 totum

258 4100 416 4163 dilliculter
438 4119 540 4182 parere
562 4101 586 4164 si
609 4111 687 4165 tecto
709 4103 890 4178 inferantur3
923 4101 1202 4166 Aristoteles
1225 4122 1301 4169 ne·

257 4211 346 4282 gat:
380 4220 464 4264 non
496 4203 679 4266 hercule
708 4204 842 4284 magis
875 4222 993 4286 quam
1028 4202 1069 4264 in
1101 4204 1301 4286 Aegypto

256 4301 1301 4388 ibim3sedillamexosculationemquaesaepe

257 4402 464 4467 cernitur
496 4404 664 4485 qualem
697 4404 730 4465 in
762 4401 978 4466 columbis
1012 4418 1124 4474 esse,
