2924 5018
627 275 844 343 ..gq-

160 454 189 515 id
213 455 292 534 quod
316 455 478 517 clarissimo
502 455 633 516 Senecae
661 454 835 516 testimonio
868 462 985 516 constat
1007 455 1145 519 Controv.
1162 457 1231 531 112,
1250 457 1303 532 123

162 562 191 615 at
212 554 311 615 minus
333 562 405 633 puta
428 553 623 632 displicuisset
644 554 668 614 si
691 553 819 614 scribere
841 553 987 615 licuisset:
1100 625 1105 634 ι

260 669 415 749 Egelidum
438 669 549 731 borean
572 669 778 748 egelidumque
800 676 916 730 notum.

160 793 192 853 ln
216 794 265 854 illo
287 812 358 855 vero
380 794 417 855 de
440 794 614 855 Nereidibus
638 800 826 875 pentametro
848 795 883 855 ad
912 794 1005 875 ipsam
1029 796 1209 876 anaphoram
1232 817 1304 878 par-

160 892 249 953 ticula
266 908 385 971 quoque
400 899 491 953 tracta
507 901 552 953 est
567 889 612 952 bis
628 892 740 971 posita3
762 892 845 954 cuius
861 892 967 955 similia
983 903 1054 957 sunt
1065 896 1153 976 Prop.
1167 897 1190 956 ll
1204 894 1233 968 3,
1246 898 1303 957 44:

263 990 350 1051 Uret
371 997 408 1051 et
431 991 508 1052 Eoos
530 998 613 1053 uret
635 999 673 1051 et
694 991 853 1072 Hesperios

160 1109 190 1161 et
212 1101 290 1181 quod
313 1101 382 1162 inde
404 1100 518 1162 effinxit
540 1102 618 1179 Naso
641 1102 705 1165 dm.
723 1102 733 1161 l
753 1102 800 1174 15,
817 1100 875 1161 29:

260 1199 389 1262 Gallus
412 1209 448 1260 et
469 1199 623 1280 Hesperiis
645 1207 680 1260 et
703 1199 835 1261 Gallus
858 1209 948 1263 notus
970 1201 1057 1277 Eois3

161 1322 191 1376 et
211 1315 279 1378 Met.
297 1316 332 1376 Vl
351 1315 426 1390 1213
447 1315 487 1375 xl
502 1315 581 1390 2663
603 1315 667 1376 XIV
683 1313 761 1391 8303
783 1315 849 1376 Xlll
865 1315 925 1378 861
953 1317 1000 1391 (cl,
1024 1318 1113 1379 etiam
1129 1319 1154 1380 ll
1171 1320 1262 1395 758l:

261 1424 1148 1506 Omnibusbislaeiemquesuamfaciemquelocorum
1158 1431 1303 1492 Reddidit.

260 1527 365 1589 Felix
387 1535 422 1587 et
443 1534 523 1597 nato,
546 1525 638 1587 felix
660 1533 697 1586 et
718 1525 845 1603 coniuge
866 1525 982 1587 Peleus.

260 1624 285 1684 0
308 1625 399 1685 etde
421 1624 504 1686 Latio
527 1645 543 1686 o
567 1634 602 1686 et
623 1624 661 1685 de
683 1632 769 1702 gente
791 1622 898 1684 Sabina

260 1722 310 1784 llle
331 1730 433 1784 tamen
455 1723 688 1802 placeatque
710 1721 783 1784 sibi
805 1721 1030 1802 placeatque
1052 1725 1152 1785 licebit
1279 1772 1283 1779 .

260 1820 345 1893 Quod
368 1821 489 1898 nollem,
513 1822 639 1894 Galatea,
663 1820 742 1882 tibi.

160 1931 261 2013 mque
284 1931 369 1993 aner
391 1931 563 2010 Propertius
586 1931 664 2002 120,
681 1930 739 2003 ac,
762 1930 801 1991 ιιι
817 1914 868 2002 aa,
884 1930 939 1991 so:

261 2030 362 2091 Hunc
384 2048 502 2109 super
523 2039 554 2091 et
577 2030 663 2090 Zetes
685 2030 784 2090 bunc
806 2048 919 2110 super
942 2037 972 2091 et
993 2029 1086 2092 Calais

262 2129 380 2191 Purus
402 2136 437 2189 et
460 2127 551 2190 Orion
574 2147 691 2209 purus
713 2137 751 2190 et
771 2128 893 2190 Haedus
916 2130 982 2190 erit.

162 2243 298 2316 Quocum
321 2242 424 2303 confer
447 2241 535 2303 etiam
559 2241 667 2302 Tibulli
681 2242 694 2301 l
709 2239 738 2313 2,
754 2239 810 2314 693
833 2243 861 2314 4,
878 2242 912 2301 5:

260 2339 377 2401 Totus
400 2348 437 2401 et
458 2348 580 2418 argento
604 2346 769 2411 contextus,
793 2346 896 2400 totus
920 2347 956 2400 et
977 2357 1059 2401 auro.

261 2437 388 2500 Nudus
411 2447 446 2498 et
467 2438 609 2499 hibernae
632 2437 771 2517 producis
793 2436 901 2515 frigora
923 2438 1047 2499 brumae

361 2535 489 2597 Nudus
513 2544 548 2597 et
571 2537 672 2598 aestivi
695 2543 830 2614 tempora
854 2535 929 2597 sicca
952 2536 1032 2597 canis

158 2635 191 2695 in
220 2633 327 2715 quibus
357 2643 509 2714 tamquam
538 2633 670 2696 oblivisci
702 2641 787 2714 poeta
815 2634 946 2707 videtur,
979 2634 1062 2713 prius
1090 2644 1117 2694 et
1143 2634 1245 2695 adesse
1272 2644 1306 2696 ut

159 2732 403 2794 antecedentibus
434 2733 580 2794 sententia
613 2733 802 2804 adnectatur,
847 2734 893 2793 vel
936 2733 1000 2812 ipse
1041 2751 1073 2793 se
1115 2742 1304 2793 correcturus

158 2832 282 2893 eandem
305 2831 483 2892 sententiam
506 2832 616 2894 iterum
631 2831 729 2893 dicere
752 2831 881 2909 adgredi,
905 2831 957 2892 sed
980 2848 1047 2892 ecce
1063 2848 1141 2891 novo
1164 2848 1229 2892 eam
1254 2832 1306 2892 de-

157 2949 229 2992 core
250 2937 434 2991 exornatam.
473 2931 540 2991 Non
564 2930 746 2992 dissimiliter
768 2930 889 2991 Ovidius
905 2949 930 2991 e.
944 2948 970 3008 g.
987 2948 1023 2991 ex
1037 2929 1134 2992 Ponto
1152 2931 1187 2991 lV
1203 2928 1232 3001 8,
1249 2931 1304 2990 54:

142 3024 145 3032 ’
260 3028 304 3088 Et
325 3029 506 3109 quicquid
528 3038 599 3108 post
620 3031 692 3090 haec
713 3028 890 3109 quicquid
914 3036 949 3090 et
971 3037 1039 3090 ante
1061 3029 1134 3104 fuit3

157 3148 245 3220 atque
268 3141 347 3202 idem
369 3140 437 3202 liet.
454 3143 476 3202 V
492 3141 554 3202 306
577 3150 608 3203 et
629 3141 803 3222 Propertius
826 3138 1006 3215 11128‚53;
1029 3141 1066 3202 tv
1084 3140 1132 3213 12,
1150 3139 1206 3201 32:

259 3239 405 3319 Perque
426 3248 484 3300 tot
507 3239 685 3301 Haemonias
709 3248 746 3301 et
767 3258 833 3319 per
855 3247 911 3301 tot
931 3239 1073 3300 Achaidas
1097 3239 1194 3300 urbes.

258 3336 301 3398 Et
323 3344 410 3417 quot
434 3337 546 3399 Thraca
570 3338 637 3400 tulit
659 3346 743 3400 vetus
767 3346 802 3399 et
824 3346 914 3419 quot
935 3337 1041 3398 Achaia
1062 3337 1183 3399 formas.

258 3435 406 3516 'l'otque
429 3437 535 3498 hiemis
560 3444 663 3498 noctes
685 3444 823 3517 totque
848 3445 966 3497 natasse
990 3436 1060 3496 dies.

158 3546 236 3619 Quid
259 3549 339 3628 quod
361 3549 505 3628 Vergilius
526 3548 644 3630 scripsit
664 3549 738 3609 den.
755 3549 766 3608 l
783 3547 860 3607 222:

178 3646 181 3651 ⁴
640 3647 732 3727 gemit
755 3655 785 3708 et
808 3645 936 3708 crudelia
959 3663 1060 3707 secum

258 3746 330 3806 Fata
354 3744 423 3827 Lyci
444 3746 658 3827 fortemque
682 3745 764 3827 Gyan
787 3747 1002 3826 sortemque
1027 3744 1212 3805 Cloanthum.

156 3856 235 3918 sicut
256 3857 390 3919 Tibullus
406 3857 432 3918 ll
448 3858 477 3931 6,
494 3858 530 3920 9:

257 3956 357 4019 Castra
379 3964 448 4036 peto
472 3957 670 4038 valeatque
692 3958 790 4018 Venus
814 3957 1045 4036 valeantque
1067 3957 1192 4037 puellae.

157 4077 188 4131 et
207 4069 330 4131 Ovidius
354 4069 423 4129 Met.
440 4068 465 4128 X
481 4067 542 4129 722
566 4068 617 4147 (cl.
641 4068 728 4130 etiam
744 4069 794 4132 Vll
813 4066 902 4147 198):

256 4167 382 4229 Desiluit
404 4166 624 4247 pariterque
646 4167 744 4227 sinum
768 4165 988 4245 pariterque
1012 4165 1131 4245 capillos
1154 4164 1254 4242 Rupit.

187 4327 190 4337 ·
242 4293 344 4372 ltaque
357 4292 389 4352 in
403 4291 450 4352 bis
467 4289 569 4352 vocula
586 4290 750 4371 copulativa
766 4290 986 4368 elegantissime
1002 4288 1142 4349 abundat.
1170 4289 1304 4350 Eandem

155 4399 256 4451 autem
278 4408 316 4452 ne
338 4390 488 4452 abundare
511 4391 630 4470 quidem
655 4391 720 4451 dico
747 4390 779 4450 in
801 4388 837 4450 iis
860 4389 1000 4468 exemplis
1022 4387 1075 4448 ubi
1098 4389 1221 4450 verbum
1251 4388 1306 4449 ali·
