2924 5018
616 273 839 338 ..gg-

155 455 187 515 in
200 453 306 534 quibus
319 451 455 514 infinitivi
467 451 561 513 forma
573 451 695 513 suborta
708 466 769 511 non
781 457 849 511 ante
862 455 960 511 ortum
971 449 1043 512 illud
1050 447 1242 533 δυνάμενα.
1260 451 1313 514 Se·

156 553 257 633 quitur
268 584 311 594 -
322 559 469 631 quatenus
485 569 521 611 ax
537 549 703 610 coniectura
715 548 915 611 coniecturam
928 549 1025 611 facere
1036 549 1312 612 condonabitur-

156 659 190 712 ut
216 649 303 711 eliam
329 649 361 710 in
387 648 492 728 quinto
519 647 592 708 libro
619 645 697 730 περὶ
717 647 775 709 τοῦ
796 644 898 708 καλοῦ
924 644 1056 729 καὶτῆς
1077 643 1207 731 ἡδονῆς
1233 649 1313 712 sieut

156 749 235 828 apud
251 746 442 809 Plutarchum
463 745 589 807 maiores
608 764 762 808 scarorum
787 745 1016 825 anthiarumqus
1035 745 1201 810 societates
1222 747 1311 829 piuae

156 844 379 908 antecesserint
1128 843 1130 847 ’

240 943 283 1003 De
298 940 512 1021 compositione
532 939 675 1002 librorum
702 938 779 1023 περὶ
806 938 865 1002 τοῦ
891 936 993 1003 καλοῦ
1018 938 1074 1003 καὶ
1100 940 1161 1024 τῆς
1185 937 1312 1027 ἡδονῆς

155 1043 228 1105 nihil
253 1041 350 1102 adhuc
373 1047 559 1119 compertum
586 1040 738 1101 habemus.
783 1039 825 1101 Ne
845 1048 1055 1117 argumentum
1081 1041 1209 1121 quidem
1238 1044 1310 1123 quid

156 1141 246 1202 fuerit
271 1159 306 1200 er
326 1138 474 1201 Athenaeo
501 1155 587 1200 eruas
614 1139 665 1218 qui
690 1155 811 1217 parerga
835 1146 955 1200 tantum
977 1138 1086 1219 quibus
1109 1139 1161 1200 ille
1176 1141 1312 1204 florebat

157 1256 245 1299 suum
271 1237 303 1298 in
330 1255 418 1299 usum
451 1237 592 1311 extraxit3
624 1245 824 1298 memoratum
851 1238 946 1297 iuerat
969 1236 1001 1297 in
1027 1243 1135 1318 quarto
1162 1236 1246 1300 libro
1272 1238 1309 1303 τὸ

157 1328 334 1418 ξύρεσθαι
353 1332 411 1397 τὸν
447 1329 594 1411 πώγωνα
633 1330 706 1395 κατ’
740 1325 955 1414 Ἀλέξανδρον
976 1334 1051 1395 ¹lith.
1072 1353 1100 1414 p.
1122 1334 1189 1397 565
1208 1337 1248 1410 A,
1279 1339 1310 1401 iu

157 1435 262 1495 eodem
278 1451 386 1495 caenae
402 1433 477 1494 duae
493 1429 529 1494 ἓν
545 1434 679 1513 Λυκείῳ
694 1452 731 1492 τε
745 1429 801 1492 καὶ
813 1426 998 1513 Ἀκαδημίᾳ
1012 1431 1130 1494 habitae
1145 1452 1177 1513 p.
1191 1435 1258 1497 137
1271 1439 1308 1513 F3

156 1536 188 1596 in
214 1533 319 1614 quinto
345 1540 443 1594 autem
469 1532 543 1593 libro
571 1533 606 1593 de
628 1532 807 1593 Pantaleone
829 1528 876 1610 τῷ
898 1529 1014 1613 πλάνῳ
1035 1532 1132 1595 fabula
1146 1554 1178 1614 p.
1196 1535 1307 1612 (5le,

157 1634 189 1694 in
210 1631 324 1703 eodem,
346 1631 426 1711 quod
444 1631 476 1692 in
495 1630 623 1710 septimo
643 1630 718 1691 libro
739 1630 938 1710 repetebatur,
959 1631 1141 1694 Archestrati
1165 1633 1308 1713 Epicurei

157 1730 397 1811 Philaenidisque
432 1714 540 1810 scripta
579 1751 593 1792 a
629 1730 739 1808 gulosis
776 1729 947 1790 hominibus
985 1748 1059 1809 quae
1096 1730 1307 1795 ediscereutur

158 1849 187 1909 p.
204 1828 394 1901 sosbers,
425 1829 554 1908 denique
582 1829 613 1889 in
644 1829 748 1889 eodem
775 1829 880 1907 quinto
911 1835 941 1888 et
971 1828 1124 1907 pinoteres
1151 1830 1253 1892 adhrit
1278 1838 1308 1894 et

157 1927 339 2006 comparatio
369 1925 402 1986 ni
430 1926 514 1987 fallor
551 1927 644 2005 aliqua
682 1927 814 1987 colorum
843 1926 921 2004 nigri
955 1925 1078 2005 ingrati,
1115 1929 1193 2006 grati
1229 1929 1306 1993 albi:

158 2017 318 2106 καθάπερ
356 2021 443 2097 τινὲς
476 2021 536 2098 τὰς
564 2022 680 2096 λευκὰς
710 2020 852 2105 ὄρνιθας
881 2023 946 2085 τῶν
982 2021 1153 2105 μελαινῶν
1189 2022 1308 2111 ῆδίοος

158 2124 247 2184 εἶναι
273 2119 408 2203 μᾶλλον.
453 2123 517 2184 Ηοο
542 2121 605 2184 iere
624 2122 713 2183 ctiam
738 2124 774 2183 de
789 2122 987 2202 Sardanapalo
1009 2124 1109 2185 locum
1124 2125 1308 2204 pertinuisse

158 2220 297 2283 credibile
313 2227 358 2282 est
374 2220 491 2297 (Athen.
509 2239 538 2300 p.
556 2219 651 2280 337A
667 2223 703 2282 ci.
720 2219 832 2298 Baguet
847 2224 864 2295 ξ
880 2220 976 2295 svn).
1013 2221 1110 2282 Etiam
1133 2224 1307 2304 coquinaris

158 2339 206 2382 res
233 2319 386 2400 Chrysippi
412 2319 535 2381 nomine
557 2320 666 2398 scripta
681 2318 802 2387 (Athen.
818 2337 846 2397 p.
864 2317 931 2397 90)
960 2317 1092 2380 exstabat
1117 2319 1222 2395 (Suida
1238 2340 1265 2383 s.
1280 2342 1308 2384 v.

157 2410 488 2500 λαοταοροκάκκαβον
503 2417 593 2496 teste)
612 2413 649 2478 iv
663 2416 708 2498 τῷ
724 2414 802 2496 περὶ
818 2413 921 2478 καλοῦ
936 2413 991 2477 καὶ
1007 2411 1140 2498 ἡδονῆς,
1160 2417 1216 2479 ubi
1236 2430 1308 2483 notu

157 2515 223 2577 libri
238 2516 279 2576 ita
294 2516 390 2596 elapsa
406 2524 440 2576 ut
455 2515 543 2576 etiam
558 2515 667 2576 Athen.
683 2534 711 2594 p.
730 2512 789 2575 158
802 2514 824 2573 Β
845 2511 881 2576 ἐν
901 2513 947 2597 τῷ
968 2509 1047 2598 περὶ
1065 2513 1125 2577 τοῦ
1144 2514 1250 2580 καλοῦ
1263 2554 1309 2565 -

158 2633 228 2676 nam
255 2616 311 2677 hoc
336 2615 504 2696 philosophi
529 2613 675 2693 scriptum
701 2613 780 2674 idem
803 2632 868 2674 esse
892 2621 1012 2688 teneas3
1035 2621 1123 2694 atque
1146 2614 1195 2676 hic
1211 2617 1307 2699 Chry·

158 2714 277 2794 sippum
303 2715 393 2776 etiam
416 2709 546 2794 γνώμας
571 2712 607 2774 de
630 2714 710 2775 lente
736 2712 847 2791 aliquas
871 2713 1005 2774 attulisse
1029 2714 1173 2775 docemur
1186 2746 1232 2761 »-
1246 2734 1307 2797 quo

159 2813 195 2875 de
220 2813 285 2874 loco
311 2813 410 2874 nescio
437 2828 511 2872 num
537 2811 584 2872 cui
609 2809 772 2872 Meinehius
802 2808 974 2871 iudiciolum
1004 2828 1092 2872 suum
1123 2814 1309 2891 persuaserit

85 2929 97 2943 ·
159 2911 253 2986 (Anal.
277 2911 341 2973 erit.
362 2910 398 2971 ad
419 2909 486 2969 hth.
502 2927 532 2987 p.
548 2908 617 2985 75);
653 2916 686 2969 ut
712 2908 791 2969 enim
819 2908 998 2970 concedatur
1024 2908 1080 2971 dici
1104 2910 1246 2990 potuisse
1272 2932 1308 2975 eo

158 3025 247 3069 sensu
263 3016 297 3068 ut
311 3006 416 3067 voluit:

259 3113 304 3198 μή
326 3119 385 3198 μοί
407 3111 484 3178 ποτ’
508 3114 625 3179 ἐλαίαν
647 3113 735 3179 ἔσθι’
759 3113 932 3201 ἀκαλήφην
947 3115 1039 3196 ἔχων.

258 3215 418 3296 χειμῶνος
440 3208 509 3297 ὥρᾳ
531 3213 724 3298 βολβοφακῆ
747 3215 851 3297 βαβαὶ
874 3218 987 3297 βαβαί.

159 3354 261 3408 tamen
288 3345 411 3407 omnino
434 3363 495 3406 non
522 3345 701 3425 perspicitur
724 3364 777 3407 cur
795 3346 925 3425 primum
947 3364 1066 3408 versum
1088 3366 1150 3409 non
1171 3348 1310 3413 omiserit

160 3446 352 3525 Chrysippus,
378 3463 477 3525 neque
503 3445 575 3525 quid
594 3446 715 3507 tandem
738 3445 795 3506 iste
815 3443 922 3506 habeat
945 3463 998 3507 cur
1013 3464 1086 3519 cum,
1102 3447 1196 3509 altero
1213 3466 1309 3529 copu-

158 3545 245 3606 letur.
282 3544 344 3623 Ego
367 3544 407 3605 ita
431 3544 657 3625 obsequendum
680 3544 862 3606 membranis
885 3563 951 3606 esse
972 3552 1060 3624 puto:

259 3661 423 3751 μηδέποτ’
446 3665 562 3731 ἐλαίαν
585 3662 689 3744 ἔσθι’,
712 3661 888 3750 α’καλῆφην
911 3665 994 3746 ἔχων

260 3765 420 3846 χειμῶνος
443 3759 512 3847 ὥρᾳ
532 3763 757 3848 βολβοφακῆν.
802 3763 908 3847 βαβαὶ
930 3767 1050 3847 βαβαί,

160 3901 195 3955 ut
221 3891 370 3953 sermonis
396 3890 545 3972 popularis
571 3891 616 3951 vel
644 3890 749 3952 comici
775 3891 894 3953 audacia
920 3909 982 3953 non
1005 3891 1234 3966 substantivum,
1253 3896 1308 3957 sod

160 3991 335 4054 adiectivum
365 3989 404 4051 sit
437 3986 651 4072 βολβοφακῆν
679 3989 849 4071 indicetque
885 3990 1026 4053 libentius
1062 3991 1179 4053 Stoicos
1217 3993 1310 4055 edere

159 4090 286 4152 urticam
303 4108 370 4150 cum
391 4088 471 4149 lente
485 4088 574 4148 simul
590 4094 619 4149 et
641 4106 737 4168 caepa.
780 4088 882 4152 Aliena
907 4108 923 4150 a
943 4106 1046 4169 graeca
1073 4089 1185 4151 scilicet
1203 4091 1310 4171 lingua

161 4198 190 4250 et
215 4207 231 4249 a
257 4186 374 4267 populis
400 4185 536 4265 Europae
561 4195 678 4266 praeter
703 4187 805 4248 Slavos
832 4184 973 4248 omnibus
999 4187 1181 4250 substantiva
1208 4191 1309 4270 qualia

161 4287 293 4347 dvandra
307 4284 372 4346 lndi
387 4283 555 4364 praedicant
570 4283 649 4362 (lob.
666 4284 816 4345 Schmidt:
844 4284 896 4345 Die
911 4285 1129 4347 Verwandtsch.
1146 4284 1199 4347 der
1217 4287 1310 4351 indo-

162 4401 255 4462 germ.
272 4384 338 4463 Spr.
355 4403 384 4464 p.
402 4385 451 4456 14,
478 4383 558 4453 sicu,
574 4381 626 4444 Die
641 4383 867 4463 Spraeheinheit
882 4385 909 4445 d.
927 4384 1030 4462 lndog.
1047 4384 1180 4464 Europus
1194 4403 1222 4465 p.
1241 4385 1309 4466 39).
