2924 5018
577 299 774 364 ..3..

107 472 351 538 demonstraverit
383 477 425 554 (p.
444 476 564 551 lllllllt3
597 478 740 539 nimirum
775 477 953 537 novantibus
987 473 1067 538 credi
1101 480 1164 539 sine
1193 480 1247 540 de-

108 575 322 636 monstratione
355 593 421 636 vera
455 583 544 655 atque
573 595 671 638 severa
701 594 762 637 non
789 585 905 655 poterat
940 577 1140 657 Sterniusqoe
1168 579 1248 657 quod

106 672 151 733 bis
173 673 281 735 erravit
307 673 475 735 laudabitur
502 675 601 753 potins
624 694 714 754 quam
737 674 931 736 accusabitur.
976 676 1037 736 lam
1061 677 1187 737 altorum
1212 678 1248 737 de

107 771 264 851 Calpurnio
279 791 411 834 errorem
428 773 578 834 verissima
594 775 714 834 tandem
730 771 982 834 demonstratione
1004 773 1040 832 Μ.
1064 774 1091 833 H
1097 775 1248 853 auptius

107 871 240 946 sustulit3
263 871 493 934 Halieuticorum
517 880 619 932 contra
642 892 679 933 ne
699 872 763 950 ipse
780 872 897 951 quidem
919 871 975 931 nisi
990 871 1112 933 editioni
1128 891 1247 948 operam

106 969 221 1031 navarit
242 971 293 1031 tali
316 990 373 1050 qua
393 971 538 1050 hodieque
559 971 667 1030 horum
684 970 847 1031 carminum
865 969 1000 1030 tractatio
1015 971 1129 1044 nititur,
1152 980 1248 1032 artem

105 1085 174 1128 vero
197 1067 322 1129 Ovidine
345 1088 447 1130 revera
470 1077 549 1129 esset
570 1087 713 1147 quaerere
736 1086 798 1128 non
821 1068 940 1128 vacabat
961 1067 1177 1149 lleinsinmque
1200 1088 1250 1132 se-

106 1175 191 1228 cutus
214 1167 364 1246 adipeam
388 1167 464 1228 Plini
487 1167 650 1246 gravissimi
672 1167 800 1228 auctoris
823 1166 1062 1227 testificationem
1087 1170 1248 1246 confugere

106 1264 176 1325 satis
199 1264 334 1327 habebat.
372 1266 451 1337 Quin
474 1266 561 1326 etiam
584 1275 665 1327 tanta
689 1266 752 1326 eius
774 1266 875 1343 religio
899 1274 932 1326 ut
954 1266 1133 1327 credendum
1150 1267 1246 1329 Plinio

106 1381 171 1424 asse
193 1364 304 1424 diceret
326 1363 414 1424 etiam
438 1365 463 1424 si
486 1365 667 1426 inveniretur
689 1365 830 1443 aliquid
852 1364 885 1425 in
906 1365 952 1426 his
977 1363 1111 1426 versibus
1130 1366 1209 1444 quod
1232 1384 1249 1425 a

105 1461 221 1522 Nasone
244 1481 296 1523 eos
317 1480 380 1523 non
402 1463 550 1541 profectos
574 1482 638 1524 esse
661 1472 761 1525 certo
784 1472 959 1541 argumento
981 1463 1135 1525 indicaret.
1170 1464 1248 1536 Quid

104 1557 215 1638 igitur?
260 1561 356 1622 Statui
381 1562 493 1623 volebat
520 1563 664 1623 amissum
686 1581 789 1623 verum
813 1562 991 1622 halieuticon
1014 1563 1151 1623 volumen
1175 1581 1247 1635 esse,

106 1658 157 1737 qui
179 1677 248 1719 vero
272 1659 308 1719 ad
330 1677 386 1720 nos
409 1660 616 1738 pervenissent
638 1679 740 1721 versus
764 1661 801 1720 de
824 1661 954 1738 piscibus
979 1666 1009 1719 et
1030 1660 1100 1720 feris
1124 1679 1157 1720 ex
1174 1660 1247 1738 ipsis

104 1756 181 1818 Plini
209 1758 353 1837 excerptis
382 1766 517 1837 sumptos
543 1777 559 1818 a
587 1760 703 1821 falsario
727 1779 791 1820 esse
820 1767 849 1820 et
880 1761 1021 1820 adauctos
1048 1758 1111 1819 aliis
1142 1757 1245 1836 (prael.

105 1873 153 1934 pg.
176 1855 241 1935 XX)
265 1875 416 1935 -quam
439 1866 539 1917 tamen
562 1858 760 1918 coniecturam
783 1858 922 1919 facillime
944 1857 1051 1918 elevari
1074 1875 1162 1935 posse
1185 1857 1248 1935 ipse

105 1951 215 2013 ibidem
243 1954 372 2015 ostendit
400 1972 497 2033 neque
525 1973 579 2015 nos
607 1975 670 2017 eam
695 1957 885 2017 morabimur.
932 1957 1021 2018 Nobis
1045 1964 1144 2017 autem
1168 1955 1246 2034 quod

105 2050 192 2112 simul
216 2060 275 2112 tam
298 2052 482 2113 confidenter
504 2062 533 2113 et
556 2062 616 2114 tam
638 2054 770 2114 breviter
792 2055 836 2115 vir
858 2073 993 2115 summus
1015 2054 1158 2114 iudicium
1179 2053 1247 2114 tulit

106 2149 265 2212 dolendum
289 2151 408 2230 quidem
434 2159 512 2212 esset
535 2152 590 2212 nisi
614 2171 802 2232 speraremus
824 2158 888 2214 fore
910 2162 943 2213 ut
966 2153 997 2212 in
1018 2151 1169 2212 reiciendo
1189 2151 1247 2211 isto

105 2248 213 2310 iudicio
242 2249 304 2310 eius
332 2249 424 2328 ipsius
454 2250 573 2327 vestigia
601 2271 655 2330 pro
686 2260 787 2313 nostra
811 2253 949 2312 facultate
971 2269 1109 2330 premere
1132 2249 1247 2309 videre-

107 2366 181 2408 mur.
227 2349 432 2427 Praeterlapsa·
462 2349 566 2410 exinde
596 2359 662 2411 octo
690 2351 755 2410 fere
784 2351 891 2423 lustra,
926 2348 1036 2428 quibus
1064 2366 1162 2425 neque
1184 2347 1248 2425 ipse

107 2454 157 2507 aut
180 2446 303 2507 mutavit
325 2454 377 2507 aut
399 2447 584 2509 confirmavit
607 2449 785 2509 sententiam
811 2466 894 2509 suam
917 2447 967 2526 (cl.
991 2448 1036 2507 ed.
1053 2447 1246 2524 Metamorph.

105 2543 196 2623 praef.
220 2564 247 2623 p.
272 2544 304 2623 8)
332 2563 429 2625 neque
458 2546 531 2606 alios
562 2565 625 2606 eam
650 2554 701 2608 aut
724 2546 901 2607 confirmare
924 2553 975 2605 ant
998 2545 1150 2605 confutare
1174 2543 1248 2604 vidi-

105 2661 191 2715 mus;
214 2661 288 2722 quae
305 2661 373 2704 vero
397 2644 522 2704 iudicata
545 2645 609 2705 sinc
633 2644 891 2705 demonstratione
914 2651 985 2704 sunt
1004 2642 1171 2702 adscribere
1188 2660 1248 2701 non

106 2759 180 2819 opus
210 2748 263 2802 est.
309 2741 457 2813 eroniam
486 2760 554 2803 vcro
585 2742 620 2802 ab
642 2742 726 2803 Ovidi
754 2742 881 2802 lectione
908 2742 945 2801 ad
974 2739 1135 2800 Halieutica
1164 2758 1249 2799 acce-

106 2839 210 2901 dentes
237 2840 342 2901 codsm
364 2841 440 2910 lere,
468 2858 526 2918 quo
559 2840 712 2901 Barthium
740 2840 896 2919 abreptum
926 2839 1039 2909 vidisti,
1070 2837 1249 2914 indignatio-

105 2937 150 2998 nis
178 2938 291 3017 impetu
325 2938 442 2999 iuvenili
465 2938 559 3016 abripi
592 2955 648 2998 nos
676 2957 795 3018 quoque
824 2938 985 3010 sensimus,
1018 2937 1077 2998 iam
1101 2936 1248 2996 senectuti

104 3035 187 3097 locos
219 3037 333 3098 dandus
364 3044 427 3097 erat
455 3037 496 3097 illi
526 3056 614 3116 quam
636 3034 835 3119 perpeterer
858 3037 959 3097 dicunt
981 3036 1247 3115 quaerendumque

105 3134 175 3214 quid
198 3135 316 3196 tandem
340 3135 537 3196 sensissemus
560 3145 589 3195 ct
612 3144 712 3197 utrum
737 3136 848 3214 aliquid
872 3143 949 3196 esset
973 3154 1011 3194 an
1034 3135 1104 3195 nihil
1127 3142 1157 3195 et
1173 3151 1248 3212 quae

104 3241 282 3313 apparerent
310 3233 494 3295 differentiae
522 3235 665 3294 sermonis
695 3253 767 3296 num
797 3232 869 3294 satis
892 3232 1030 3312 explicari
1051 3238 1175 3311 possent
1197 3239 1250 3293 aut

105 3352 138 3392 ex
163 3332 311 3394 debilitate
333 3331 574 3393 consenescentis
597 3340 703 3412 poetae
726 3342 776 3393 aut
799 3351 834 3391 ex
857 3328 977 3391 materia
1002 3329 1140 3389 carminis
1156 3328 1247 3389 nimis

104 3431 195 3493 ardua
218 3439 270 3492 aut
292 3431 421 3510 denique
443 3450 479 3490 ex
501 3437 637 3508 utroque.

187 3529 306 3591 Primus
327 3530 410 3590 locus
433 3528 594 3589 debebatur
615 3528 657 3589 rei
680 3525 861 3606 simpliciori,
885 3524 941 3584 hoc
964 3531 1009 3584 est
1024 3524 1173 3586 metricae.
1203 3525 1248 3585 Ad

105 3647 168 3696 eam
198 3628 376 3708 pertinentia
405 3626 559 3708 composui
585 3632 654 3686 ante
684 3626 738 3686 hos
768 3627 842 3686 duos
871 3641 966 3683 annos
997 3623 1028 3684 in
1055 3623 1152 3684 libello
1182 3641 1248 3683 meo

106 3728 151 3787 Ad
183 3715 338 3788 historiam
373 3725 536 3788 hexametri
566 3724 648 3786 latini
676 3722 815 3806 {symbola
844 3742 873 3803 p.
897 3723 937 3781 55
956 3741 1022 3802 sqq.
1066 3722 1110 3781 Ex
1140 3721 1247 3801 quibus

105 3825 174 3906 quid
199 3825 438 3886 concludendum
463 3832 539 3885 esset
562 3823 659 3884 dicere
682 3822 789 3883 ibidem
821 3818 883 3882 non
911 3821 1039 3881 dubitavi
1067 3837 1247 3899 quamquam

105 3924 176 3984 mihi
197 3924 294 4003 legere
309 3940 369 3984 non
383 3923 506 3984 licuerat
524 3939 711 4002 programma
729 3920 807 4000 quod
830 3919 963 3979 Veronae
979 3917 1137 3997 publicavit
1160 3916 1247 3976 Zin-

105 4023 207 4101 gerle
229 4039 308 4083 anno
334 4021 414 4082 1865
438 4021 478 4082 lte
497 4020 621 4081 Halieut.
644 4021 809 4097 fragmento
833 4017 935 4078 Ovidio
957 4034 1019 4077 non
1042 4013 1245 4077 abiudicando.

103 4121 307 4182 lntellexeram
331 4119 447 4198 quidem
472 4118 550 4179 bene
573 4119 713 4179 meritum
742 4136 806 4177 esse
835 4116 930 4176 virum
959 4114 1080 4176 doctum
1111 4112 1146 4170 de
1175 4124 1247 4171 sen-

104 4219 206 4281 tentiis
228 4217 445 4280 elocutionibus
460 4217 646 4295 .vocibusque
669 4223 824 4294 poetarum
853 4214 941 4274 unius
973 4213 1115 4288 cuiusque
1142 4208 1246 4287 singu-
1307 4242 1310 4247 ·

104 4318 214 4379 laribus
237 4317 427 4378 observandis
457 4323 488 4376 et
515 4314 594 4374 inter
623 4333 655 4374 se
685 4313 891 4392 comparandis
919 4311 997 4373 unde
1030 4326 1088 4380 res,
1121 4306 1246 4367 minime

105 4417 203 4490 dubia,
232 4417 430 4478 illustraretur
458 4423 487 4476 ct
510 4412 757 4474 consuetudinem
782 4413 859 4491 apud
881 4419 984 4489 poetas
1007 4406 1101 4468 valere
1125 4413 1155 4466 et
1176 4405 1244 4465 imi-

997 4511 1009 4562 1
1017 4508 1032 4542 ’b
