<?xml version="1.0" encoding="UTF-8"?>
<!DOCTYPE html PUBLIC "-//W3C//DTD XHTML 1.0 Transitional//EN"
    "http://www.w3.org/TR/xhtml1/DTD/xhtml1-transitional.dtd">
<html xmlns="http://www.w3.org/1999/xhtml" xml:lang="en" lang="en">
 <head>
  <title>
</title>
<meta http-equiv="Content-Type" content="text/html;charset=utf-8" />
  <meta name='ocr-system' content='tesseract 3.04.00' />
  <meta name='ocr-capabilities' content='ocr_page ocr_carea ocr_par ocr_line ocrx_word'/>
</head>
<body>
  <div class='ocr_page' id='page_1' title='image "./dehalieuticisov01birtgoog_0042.png"; bbox 0 0 2924 5018; ppageno 0'>
   <div class='ocr_carea' id='block_1_1' title="bbox 617 275 839 341">
    <p class='ocr_par' dir='ltr' id='par_1_1' title="bbox 617 275 839 341">
     <span class='ocr_line' id='line_1_1' title="bbox 617 275 839 341; baseline 0.014 -20"><span class='ocrx_word' id='word_1_1' title='bbox 617 275 839 341; x_wconf 71' lang='lat'><strong>-23.-</strong></span> 
     </span>
    </p>
   </div>
   <div class='ocr_carea' id='block_1_2' title="bbox 152 449 1304 1025">
    <p class='ocr_par' dir='ltr' id='par_1_2' title="bbox 152 449 1304 1025">
     <span class='ocr_line' id='line_1_2' title="bbox 158 449 1303 537; baseline 0.003 -23"><span class='ocrx_word' id='word_1_2' title='bbox 158 454 260 534; x_wconf 85' lang='lat' dir='ltr'><strong>ltaque</strong></span> <span class='ocrx_word' id='word_1_3' title='bbox 282 452 361 516; x_wconf 90' lang='lat' dir='ltr'><strong>inter</strong></span> <span class='ocrx_word' id='word_1_4' title='bbox 393 449 467 514; x_wconf 88' lang='lat' dir='ltr'><strong>duas</strong></span> <span class='ocrx_word' id='word_1_5' title='bbox 500 450 613 532; x_wconf 86' lang='lat' dir='ltr'><strong>puellas</strong></span> <span class='ocrx_word' id='word_1_6' title='bbox 635 452 758 514; x_wconf 90' lang='lat' dir='ltr'><strong>omnino</strong></span> <span class='ocrx_word' id='word_1_7' title='bbox 785 471 848 514; x_wconf 92' lang='lat' dir='ltr'><strong>non</strong></span> <span class='ocrx_word' id='word_1_8' title='bbox 876 452 1083 534; x_wconf 73' lang='lat' dir='ltr'><strong>distinguitur3</strong></span> <span class='ocrx_word' id='word_1_9' title='bbox 1108 458 1303 537; x_wconf 74' lang='lat' dir='ltr'><strong>femineum</strong></span> 
     </span>
     <span class='ocr_line' id='line_1_3' title="bbox 157 551 1302 634; baseline 0.004 -20"><span class='ocrx_word' id='word_1_10' title='bbox 157 552 264 619; x_wconf 83' lang='lat' dir='ltr'><strong>vulnus</strong></span> <span class='ocrx_word' id='word_1_11' title='bbox 295 559 418 614; x_wconf 85' lang='lat' dir='ltr'><strong>uocatur</strong></span> <span class='ocrx_word' id='word_1_12' title='bbox 446 567 540 630; x_wconf 87' lang='lat' dir='ltr'><strong>eoquo</strong></span> <span class='ocrx_word' id='word_1_13' title='bbox 576 551 699 630; x_wconf 80' lang='lat' dir='ltr'><strong>cogitari</strong></span> <span class='ocrx_word' id='word_1_14' title='bbox 725 551 874 632; x_wconf 86' lang='lat' dir='ltr'><strong>praeclare</strong></span> <span class='ocrx_word' id='word_1_15' title='bbox 905 552 1053 616; x_wconf 88' lang='lat' dir='ltr'><strong>indicatur</strong></span> <span class='ocrx_word' id='word_1_16' title='bbox 1085 572 1148 617; x_wconf 90' lang='lat' dir='ltr'><strong>non</strong></span> <span class='ocrx_word' id='word_1_17' title='bbox 1173 555 1302 634; x_wconf 76' lang='lat' dir='ltr'><strong>gladium</strong></span> 
     </span>
     <span class='ocr_line' id='line_1_4' title="bbox 152 647 1303 734; baseline 0.003 -21"><span class='ocrx_word' id='word_1_18' title='bbox 152 650 210 713; x_wconf 93' lang='lat' dir='ltr'><strong>sed</strong></span> <span class='ocrx_word' id='word_1_19' title='bbox 237 649 474 712; x_wconf 73' lang='lat' dir='ltr'><strong>instrumentum</strong></span> <span class='ocrx_word' id='word_1_20' title='bbox 503 647 623 729; x_wconf 81' lang='lat' dir='ltr'>aliquod</span> <span class='ocrx_word' id='word_1_21' title='bbox 645 649 680 710; x_wconf 90' lang='lat' dir='ltr'><strong>ad</strong></span> <span class='ocrx_word' id='word_1_22' title='bbox 702 650 839 713; x_wconf 86' lang='lat' dir='ltr'><strong>mulieres</strong></span> <span class='ocrx_word' id='word_1_23' title='bbox 862 651 1028 732; x_wconf 80' lang='lat' dir='ltr'><strong>pertinens3</strong></span> <span class='ocrx_word' id='word_1_24' title='bbox 1061 660 1168 734; x_wconf 89' lang='lat' dir='ltr'><strong>pecten</strong></span> <span class='ocrx_word' id='word_1_25' title='bbox 1191 663 1236 717; x_wconf 90' lang='lat' dir='ltr'><strong>est</strong></span> <span class='ocrx_word' id='word_1_26' title='bbox 1257 656 1303 718; x_wconf 81' lang='lat' dir='ltr'><strong>vel</strong></span> 
     </span>
     <span class='ocr_line' id='line_1_5' title="bbox 156 748 1303 828; baseline 0.004 -16"><span class='ocrx_word' id='word_1_27' title='bbox 156 748 258 812; x_wconf 87' lang='lat' dir='ltr'><strong>radius</strong></span> <span class='ocrx_word' id='word_1_28' title='bbox 290 748 323 811; x_wconf 92' lang='lat' dir='ltr'><strong>in</strong></span> <span class='ocrx_word' id='word_1_29' title='bbox 356 765 415 828; x_wconf 91' lang='lat' dir='ltr'><strong>quo</strong></span> <span class='ocrx_word' id='word_1_30' title='bbox 447 764 567 827; x_wconf 81' lang='lat' dir='ltr'><strong>graecae</strong></span> <span class='ocrx_word' id='word_1_31' title='bbox 600 749 839 812; x_wconf 76' lang='lat' dir='ltr'><strong>narratiunculae</strong></span> <span class='ocrx_word' id='word_1_32' title='bbox 870 749 960 812; x_wconf 87' lang='lat' dir='ltr'><strong>cardo</strong></span> <span class='ocrx_word' id='word_1_33' title='bbox 986 757 1136 828; x_wconf 66' lang='lat' dir='ltr'><strong>vectatum</strong></span> <span class='ocrx_word' id='word_1_34' title='bbox 1165 752 1215 815; x_wconf 92' lang='lat' dir='ltr'><strong>bic</strong></span> <span class='ocrx_word' id='word_1_35' title='bbox 1247 755 1303 817; x_wconf 89' lang='lat' dir='ltr'><strong>sub</strong></span> 
     </span>
     <span class='ocr_line' id='line_1_6' title="bbox 157 845 1304 934; baseline 0.005 -25"><span class='ocrx_word' id='word_1_36' title='bbox 157 846 280 911; x_wconf 86' lang='lat' dir='ltr'><strong>dimisso</strong></span> <span class='ocrx_word' id='word_1_37' title='bbox 295 846 355 909; x_wconf 92' lang='lat' dir='ltr'><strong>telo</strong></span> <span class='ocrx_word' id='word_1_38' title='bbox 370 854 404 909; x_wconf 92' lang='lat' dir='ltr'><strong>ot</strong></span> <span class='ocrx_word' id='word_1_39' title='bbox 418 845 509 908; x_wconf 91' lang='lat' dir='ltr'><strong>lateat</strong></span> <span class='ocrx_word' id='word_1_40' title='bbox 524 845 728 925; x_wconf 76' lang='lat' dir='ltr'><strong>efflagitamus.</strong></span> <span class='ocrx_word' id='word_1_41' title='bbox 773 847 876 930; x_wconf 87' lang='lat' dir='ltr'><strong>ltaque</strong></span> <span class='ocrx_word' id='word_1_42' title='bbox 891 848 964 911; x_wconf 86' lang='lat' dir='ltr'><strong>baec</strong></span> <span class='ocrx_word' id='word_1_43' title='bbox 977 850 1079 913; x_wconf 90' lang='lat' dir='ltr'><strong>nescio</strong></span> <span class='ocrx_word' id='word_1_44' title='bbox 1095 868 1168 913; x_wconf 89' lang='lat' dir='ltr'><strong>num</strong></span> <span class='ocrx_word' id='word_1_45' title='bbox 1191 851 1304 934; x_wconf 86' lang='lat' dir='ltr'><strong>placeat</strong></span> 
     </span>
     <span class='ocr_line' id='line_1_7' title="bbox 156 945 522 1025; baseline -0.005 -18"><span class='ocrx_word' id='word_1_46' title='bbox 156 946 202 1008; x_wconf 86' lang='lat' dir='ltr'><strong>vel</strong></span> <span class='ocrx_word' id='word_1_47' title='bbox 227 945 332 1009; x_wconf 76' lang='lat' dir='ltr'><strong>similia</strong></span> <span class='ocrx_word' id='word_1_48' title='bbox 358 951 522 1025; x_wconf 84' lang='lat' dir='ltr'><strong>temptare:</strong></span> 
     </span>
    </p>
   </div>
   <div class='ocr_carea' id='block_1_3' title="bbox 255 1068 1005 1446">
    <p class='ocr_par' dir='ltr' id='par_1_3' title="bbox 255 1068 1005 1446">
     <span class='ocr_line' id='line_1_8' title="bbox 257 1068 939 1133; baseline 0.001 -1"><span class='ocrx_word' id='word_1_49' title='bbox 257 1069 334 1132; x_wconf 83' lang='lat' dir='ltr'><strong>Ecce</strong></span> <span class='ocrx_word' id='word_1_50' title='bbox 353 1069 424 1132; x_wconf 85' lang='lat' dir='ltr'><strong>lacit</strong></span> <span class='ocrx_word' id='word_1_51' title='bbox 446 1068 553 1132; x_wconf 91' lang='lat' dir='ltr'><strong>mediis</strong></span> <span class='ocrx_word' id='word_1_52' title='bbox 580 1077 664 1133; x_wconf 88' lang='lat' dir='ltr'><strong>natas</strong></span> <span class='ocrx_word' id='word_1_53' title='bbox 688 1068 801 1133; x_wconf 89' lang='lat' dir='ltr'><strong>Orione</strong></span> <span class='ocrx_word' id='word_1_54' title='bbox 828 1069 939 1133; x_wconf 82' lang='lat' dir='ltr'><strong>Thebis</strong></span> 
     </span>
     <span class='ocr_line' id='line_1_9' title="bbox 257 1166 1005 1249; baseline 0.004 -20"><span class='ocrx_word' id='word_1_55' title='bbox 257 1167 349 1230; x_wconf 85' lang='lat' dir='ltr'><strong>dlcon</strong></span> <span class='ocrx_word' id='word_1_56' title='bbox 371 1166 533 1231; x_wconf 79' lang='lat' dir='ltr'><strong>femineum</strong></span> <span class='ocrx_word' id='word_1_57' title='bbox 556 1168 656 1247; x_wconf 76' lang='lat' dir='ltr'><strong>iugulo</strong></span> <span class='ocrx_word' id='word_1_58' title='bbox 680 1169 750 1231; x_wconf 87' lang='lat' dir='ltr'><strong>dare</strong></span> <span class='ocrx_word' id='word_1_59' title='bbox 772 1168 878 1231; x_wconf 79' lang='lat' dir='ltr'><strong>viduus</strong></span> <span class='ocrx_word' id='word_1_60' title='bbox 902 1177 1005 1249; x_wconf 88' lang='lat' dir='ltr'><strong>aperto</strong></span> 
     </span>
     <span class='ocr_line' id='line_1_10' title="bbox 258 1264 960 1346; baseline 0 -17"><span class='ocrx_word' id='word_1_61' title='bbox 258 1265 336 1329; x_wconf 84' lang='lat' dir='ltr'><strong>Olim</strong></span> <span class='ocrx_word' id='word_1_62' title='bbox 357 1284 391 1328; x_wconf 89' lang='lat' dir='ltr'><strong>ao</strong></span> <span class='ocrx_word' id='word_1_63' title='bbox 412 1264 544 1328; x_wconf 88' lang='lat' dir='ltr'><strong>demisso</strong></span> <span class='ocrx_word' id='word_1_64' title='bbox 566 1284 620 1346; x_wconf 87' lang='lat' dir='ltr'><strong>per</strong></span> <span class='ocrx_word' id='word_1_65' title='bbox 641 1266 747 1328; x_wconf 91' lang='lat' dir='ltr'><strong>inertia</strong></span> <span class='ocrx_word' id='word_1_66' title='bbox 768 1267 873 1329; x_wconf 80' lang='lat' dir='ltr'><strong>vellera</strong></span> <span class='ocrx_word' id='word_1_67' title='bbox 901 1267 960 1329; x_wconf 90' lang='lat' dir='ltr'><strong>telo</strong></span> 
     </span>
     <span class='ocr_line' id='line_1_11' title="bbox 255 1361 777 1446; baseline -0.004 -19"><span class='ocrx_word' id='word_1_68' title='bbox 255 1361 315 1427; x_wconf 82' lang='lat' dir='ltr'><strong>Pro</strong></span> <span class='ocrx_word' id='word_1_69' title='bbox 337 1365 447 1446; x_wconf 87' lang='lat' dir='ltr'><strong>populo</strong></span> <span class='ocrx_word' id='word_1_70' title='bbox 469 1363 610 1426; x_wconf 88' lang='lat' dir='ltr'><strong>cecidisse</strong></span> <span class='ocrx_word' id='word_1_71' title='bbox 631 1382 687 1426; x_wconf 92' lang='lat' dir='ltr'><strong>suo</strong></span> <span class='ocrx_word' id='word_1_72' title='bbox 714 1382 777 1444; x_wconf 88' lang='lat' dir='ltr'><strong>eqs.</strong></span> 
     </span>
    </p>
   </div>
   <div class='ocr_carea' id='block_1_4' title="bbox 157 1479 1305 1857">
    <p class='ocr_par' dir='ltr' id='par_1_4' title="bbox 157 1479 1305 1857">
     <span class='ocr_line' id='line_1_12' title="bbox 157 1479 1305 1561; baseline 0.005 -20"><span class='ocrx_word' id='word_1_73' title='bbox 157 1481 270 1542; x_wconf 81' lang='lat' dir='ltr'><strong>Vellera</strong></span> <span class='ocrx_word' id='word_1_74' title='bbox 296 1498 351 1561; x_wconf 86' lang='lat' dir='ltr'><strong>pro</strong></span> <span class='ocrx_word' id='word_1_75' title='bbox 374 1480 439 1543; x_wconf 91' lang='lat' dir='ltr'><strong>lana</strong></span> <span class='ocrx_word' id='word_1_76' title='bbox 460 1479 597 1544; x_wconf 90' lang='lat' dir='ltr'><strong>dicuntur</strong></span> <span class='ocrx_word' id='word_1_77' title='bbox 619 1479 699 1541; x_wconf 83' lang='lat' dir='ltr'><strong>velut</strong></span> <span class='ocrx_word' id='word_1_78' title='bbox 720 1479 789 1542; x_wconf 85' lang='lat' dir='ltr'><strong>llet.</strong></span> <span class='ocrx_word' id='word_1_79' title='bbox 811 1479 888 1554; x_wconf 80' lang='lat' dir='ltr'><strong>xlv,</strong></span> <span class='ocrx_word' id='word_1_80' title='bbox 911 1479 988 1554; x_wconf 77' lang='lat'>264,</span> <span class='ocrx_word' id='word_1_81' title='bbox 1016 1480 1123 1544; x_wconf 76' lang='lat' dir='ltr'><strong>Tibulli</strong></span> <span class='ocrx_word' id='word_1_82' title='bbox 1139 1483 1184 1554; x_wconf 84' lang='lat' dir='ltr'><strong>lv,</strong></span> <span class='ocrx_word' id='word_1_83' title='bbox 1200 1482 1229 1559; x_wconf 78' lang='lat'><strong>2,</strong></span> <span class='ocrx_word' id='word_1_84' title='bbox 1248 1486 1305 1559; x_wconf 68' lang='lat'><strong>163</strong></span> 
     </span>
     <span class='ocr_line' id='line_1_13' title="bbox 158 1577 1304 1661; baseline 0.002 -19"><span class='ocrx_word' id='word_1_85' title='bbox 158 1579 267 1658; x_wconf 78' lang='lat' dir='ltr'><strong>cogites</strong></span> <span class='ocrx_word' id='word_1_86' title='bbox 293 1579 382 1640; x_wconf 90' lang='lat' dir='ltr'><strong>etiam</strong></span> <span class='ocrx_word' id='word_1_87' title='bbox 409 1577 571 1640; x_wconf 89' lang='lat' dir='ltr'><strong>nubeculas</strong></span> <span class='ocrx_word' id='word_1_88' title='bbox 597 1597 673 1659; x_wconf 81' lang='lat' dir='ltr'><strong>quae</strong></span> <span class='ocrx_word' id='word_1_89' title='bbox 696 1579 802 1641; x_wconf 84' lang='lat' dir='ltr'><strong>vellera</strong></span> <span class='ocrx_word' id='word_1_90' title='bbox 823 1579 908 1642; x_wconf 91' lang='lat' dir='ltr'><strong>lanae</strong></span> <span class='ocrx_word' id='word_1_91' title='bbox 937 1580 1079 1657; x_wconf 84' lang='lat' dir='ltr'><strong>audiant3</strong></span> <span class='ocrx_word' id='word_1_92' title='bbox 1107 1586 1205 1661; x_wconf 82' lang='lat' dir='ltr'><strong>neque</strong></span> <span class='ocrx_word' id='word_1_93' title='bbox 1228 1583 1304 1644; x_wconf 87' lang='lat' dir='ltr'><strong>Pro·</strong></span> 
     </span>
     <span class='ocr_line' id='line_1_14' title="bbox 157 1675 1303 1758; baseline 0.004 -20"><span class='ocrx_word' id='word_1_94' title='bbox 157 1676 311 1758; x_wconf 85' lang='lat' dir='ltr'><strong>portianus</strong></span> <span class='ocrx_word' id='word_1_95' title='bbox 340 1675 414 1738; x_wconf 89' lang='lat' dir='ltr'><strong>mibi</strong></span> <span class='ocrx_word' id='word_1_96' title='bbox 438 1695 498 1739; x_wconf 92' lang='lat' dir='ltr'><strong>non</strong></span> <span class='ocrx_word' id='word_1_97' title='bbox 525 1677 805 1738; x_wconf 86' lang='lat' dir='ltr'><strong>commemorandus</strong></span> <span class='ocrx_word' id='word_1_98' title='bbox 826 1676 910 1739; x_wconf 89' lang='lat' dir='ltr'><strong>locus</strong></span> <span class='ocrx_word' id='word_1_99' title='bbox 932 1685 996 1740; x_wconf 89' lang='lat' dir='ltr'><strong>esto</strong></span> <span class='ocrx_word' id='word_1_100' title='bbox 1026 1680 1064 1749; x_wconf 83' lang='lat' dir='ltr'><strong>v,</strong></span> <span class='ocrx_word' id='word_1_101' title='bbox 1089 1677 1125 1756; x_wconf 85' lang='lat'><strong>3,</strong></span> <span class='ocrx_word' id='word_1_102' title='bbox 1147 1677 1197 1754; x_wconf 77' lang='lat'><strong>34,</strong></span> <span class='ocrx_word' id='word_1_103' title='bbox 1220 1681 1303 1743; x_wconf 88' lang='lat' dir='ltr'><strong>cuius</strong></span> 
     </span>
     <span class='ocr_line' id='line_1_15' title="bbox 157 1773 1123 1857; baseline 0.002 -18"><span class='ocrx_word' id='word_1_104' title='bbox 157 1775 315 1839; x_wconf 83' lang='lat' dir='ltr'><strong>lectionem</strong></span> <span class='ocrx_word' id='word_1_105' title='bbox 338 1774 569 1837; x_wconf 82' lang='lat' dir='ltr'><strong>emendatiorem</strong></span> <span class='ocrx_word' id='word_1_106' title='bbox 592 1774 757 1836; x_wconf 84' lang='lat' dir='ltr'><strong>adscribam</strong></span> <span class='ocrx_word' id='word_1_107' title='bbox 779 1773 843 1848; x_wconf 91' lang='lat' dir='ltr'><strong>hic,</strong></span> <span class='ocrx_word' id='word_1_108' title='bbox 867 1775 937 1837; x_wconf 91' lang='lat' dir='ltr'><strong>alibi</strong></span> <span class='ocrx_word' id='word_1_109' title='bbox 959 1775 1123 1857; x_wconf 84' lang='lat' dir='ltr'><strong>explicabo:</strong></span> 
     </span>
    </p>
   </div>
   <div class='ocr_carea' id='block_1_5' title="bbox 260 1885 979 2067">
    <p class='ocr_par' dir='ltr' id='par_1_5' title="bbox 260 1885 979 2067">
     <span class='ocr_line' id='line_1_16' title="bbox 260 1885 979 1967; baseline 0.001 -19"><span class='ocrx_word' id='word_1_110' title='bbox 260 1885 404 1949; x_wconf 77' lang='lat' dir='ltr'><strong>Noctibus</strong></span> <span class='ocrx_word' id='word_1_111' title='bbox 426 1885 557 1948; x_wconf 88' lang='lat' dir='ltr'><strong>bibernis</strong></span> <span class='ocrx_word' id='word_1_112' title='bbox 580 1886 740 1948; x_wconf 75' lang='lat' dir='ltr'><strong>castrensia</strong></span> <span class='ocrx_word' id='word_1_113' title='bbox 761 1903 853 1967; x_wconf 89' lang='lat' dir='ltr'><strong>pensa</strong></span> <span class='ocrx_word' id='word_1_114' title='bbox 879 1886 979 1949; x_wconf 90' lang='lat' dir='ltr'><strong>laboro</strong></span> 
     </span>
     <span class='ocr_line' id='line_1_17' title="bbox 300 1984 959 2067; baseline -0.003 -20"><span class='ocrx_word' id='word_1_115' title='bbox 300 1985 338 2047; x_wconf 80' lang='lat' dir='ltr'><strong>lit</strong></span> <span class='ocrx_word' id='word_1_116' title='bbox 359 1984 445 2067; x_wconf 73' lang='lat' dir='ltr'><strong>Tyria</strong></span> <span class='ocrx_word' id='word_1_117' title='bbox 468 1985 499 2046; x_wconf 87' lang='lat' dir='ltr'><strong>in</strong></span> <span class='ocrx_word' id='word_1_118' title='bbox 521 1984 639 2065; x_wconf 86' lang='lat' dir='ltr'><strong>galbeos</strong></span> <span class='ocrx_word' id='word_1_119' title='bbox 661 1984 766 2046; x_wconf 85' lang='lat' dir='ltr'><strong>vellera</strong></span> <span class='ocrx_word' id='word_1_120' title='bbox 787 1993 867 2047; x_wconf 91' lang='lat' dir='ltr'><strong>secta</strong></span> <span class='ocrx_word' id='word_1_121' title='bbox 893 2002 959 2047; x_wconf 89' lang='lat' dir='ltr'><strong>suo.</strong></span> 
     </span>
    </p>
   </div>
   <div class='ocr_carea' id='block_1_6' title="bbox 151 2108 1304 2487">
    <p class='ocr_par' dir='ltr' id='par_1_6' title="bbox 151 2108 1304 2487">
     <span class='ocr_line' id='line_1_18' title="bbox 156 2108 1304 2193; baseline -0.001 -17"><span class='ocrx_word' id='word_1_122' title='bbox 156 2113 253 2193; x_wconf 76' lang='lat' dir='ltr'><strong>Atque</strong></span> <span class='ocrx_word' id='word_1_123' title='bbox 284 2110 356 2173; x_wconf 89' lang='lat' dir='ltr'><strong>baec</strong></span> <span class='ocrx_word' id='word_1_124' title='bbox 385 2110 493 2172; x_wconf 79' lang='lat' dir='ltr'><strong>uellera</strong></span> <span class='ocrx_word' id='word_1_125' title='bbox 525 2109 632 2173; x_wconf 85' lang='lat' dir='ltr'><strong>inertia</strong></span> <span class='ocrx_word' id='word_1_126' title='bbox 660 2108 800 2172; x_wconf 86' lang='lat' dir='ltr'><strong>ridentur</strong></span> <span class='ocrx_word' id='word_1_127' title='bbox 826 2109 935 2172; x_wconf 89' lang='lat' dir='ltr'><strong>Nasoni</strong></span> <span class='ocrx_word' id='word_1_128' title='bbox 968 2116 1162 2192; x_wconf 86' lang='lat' dir='ltr'><strong>anteaquam</strong></span> <span class='ocrx_word' id='word_1_129' title='bbox 1195 2130 1249 2192; x_wconf 91' lang='lat' dir='ltr'><strong>per</strong></span> <span class='ocrx_word' id='word_1_130' title='bbox 1270 2131 1304 2175; x_wconf 94' lang='lat' dir='ltr'><strong>ea</strong></span> 
     </span>
     <span class='ocr_line' id='line_1_19' title="bbox 151 2207 1304 2292; baseline 0.002 -20"><span class='ocrx_word' id='word_1_131' title='bbox 151 2211 255 2292; x_wconf 76' lang='lat' dir='ltr'><strong>&#39;ipsum</strong></span> <span class='ocrx_word' id='word_1_132' title='bbox 287 2207 414 2290; x_wconf 90' lang='lat' dir='ltr'><strong>pectinis</strong></span> <span class='ocrx_word' id='word_1_133' title='bbox 447 2209 540 2271; x_wconf 89' lang='lat' dir='ltr'><strong>telum</strong></span> <span class='ocrx_word' id='word_1_134' title='bbox 574 2207 758 2270; x_wconf 85' lang='lat' dir='ltr'><strong>demittatur.</strong></span> <span class='ocrx_word' id='word_1_135' title='bbox 821 2208 864 2270; x_wconf 85' lang='lat' dir='ltr'><strong>lle</strong></span> <span class='ocrx_word' id='word_1_136' title='bbox 900 2225 959 2270; x_wconf 89' lang='lat' dir='ltr'><strong>usu</strong></span> <span class='ocrx_word' id='word_1_137' title='bbox 994 2207 1143 2290; x_wconf 75' lang='grc' dir='ltr'><strong>κερκίδος</strong></span> <span class='ocrx_word' id='word_1_138' title='bbox 1181 2212 1304 2274; x_wconf 91' lang='lat' dir='ltr'><strong>consule</strong></span> 
     </span>
     <span class='ocr_line' id='line_1_20' title="bbox 158 2305 1304 2390; baseline -0.002 -18"><span class='ocrx_word' id='word_1_139' title='bbox 158 2306 309 2372; x_wconf 83' lang='lat' dir='ltr'><strong>Sebeideri</strong></span> <span class='ocrx_word' id='word_1_140' title='bbox 341 2306 470 2370; x_wconf 90' lang='lat' dir='ltr'><strong>indicem</strong></span> <span class='ocrx_word' id='word_1_141' title='bbox 503 2307 540 2368; x_wconf 90' lang='lat' dir='ltr'><strong>ad</strong></span> <span class='ocrx_word' id='word_1_142' title='bbox 577 2305 735 2387; x_wconf 88' lang='lat' dir='ltr'><strong>scriptores</strong></span> <span class='ocrx_word' id='word_1_143' title='bbox 771 2322 829 2367; x_wconf 90' lang='lat' dir='ltr'><strong>rer.</strong></span> <span class='ocrx_word' id='word_1_144' title='bbox 862 2312 937 2368; x_wconf 86' lang='lat' dir='ltr'><strong>rost.</strong></span> <span class='ocrx_word' id='word_1_145' title='bbox 975 2325 1003 2386; x_wconf 90' lang='lat' dir='ltr'><strong>p.</strong></span> <span class='ocrx_word' id='word_1_146' title='bbox 1035 2307 1097 2369; x_wconf 82' lang='lat'><strong>370</strong></span> <span class='ocrx_word' id='word_1_147' title='bbox 1126 2326 1171 2390; x_wconf 87' lang='lat' dir='ltr'><strong>sq.</strong></span> <span class='ocrx_word' id='word_1_148' title='bbox 1225 2310 1304 2372; x_wconf 88' lang='lat' dir='ltr'><strong>Solet</strong></span> 
     </span>
     <span class='ocr_line' id='line_1_21' title="bbox 158 2403 1304 2487; baseline 0.001 -19"><span class='ocrx_word' id='word_1_149' title='bbox 158 2406 279 2487; x_wconf 83' lang='lat' dir='ltr'><strong>quidem</strong></span> <span class='ocrx_word' id='word_1_150' title='bbox 309 2404 399 2468; x_wconf 87' lang='lat' dir='ltr'><strong>scribi</strong></span> <span class='ocrx_word' id='word_1_151' title='bbox 425 2406 570 2468; x_wconf 81' lang='lat' dir='ltr'><strong>demittere</strong></span> <span class='ocrx_word' id='word_1_152' title='bbox 598 2407 644 2477; x_wconf 65' lang='grc' dir='ltr'><strong>ἕης</strong></span> <span class='ocrx_word' id='word_1_153' title='bbox 677 2403 729 2465; x_wconf 87' lang='lat' dir='ltr'><strong>sed</strong></span> <span class='ocrx_word' id='word_1_154' title='bbox 759 2403 838 2467; x_wconf 89' lang='lat' dir='ltr'><strong>enim</strong></span> <span class='ocrx_word' id='word_1_155' title='bbox 867 2405 904 2466; x_wconf 94' lang='lat' dir='ltr'><strong>ad</strong></span> <span class='ocrx_word' id='word_1_156' title='bbox 926 2405 1155 2468; x_wconf 89' lang='lat' dir='ltr'><strong>monstrandum</strong></span> <span class='ocrx_word' id='word_1_157' title='bbox 1188 2406 1304 2469; x_wconf 90' lang='lat' dir='ltr'><strong>radium</strong></span> 
     </span>
    </p>
   </div>
   <div class='ocr_carea' id='block_1_7' title="bbox 154 2502 1304 4449">
    <p class='ocr_par' dir='ltr' id='par_1_7' title="bbox 157 2502 1304 3371">
     <span class='ocr_line' id='line_1_22' title="bbox 159 2502 1304 2586; baseline 0.001 -19"><span class='ocrx_word' id='word_1_158' title='bbox 159 2504 217 2567; x_wconf 91' lang='lat' dir='ltr'><strong>buc</strong></span> <span class='ocrx_word' id='word_1_159' title='bbox 238 2504 306 2566; x_wconf 89' lang='lat' dir='ltr'><strong>illuc</strong></span> <span class='ocrx_word' id='word_1_160' title='bbox 332 2522 385 2585; x_wconf 92' lang='lat' dir='ltr'><strong>per</strong></span> <span class='ocrx_word' id='word_1_161' title='bbox 411 2503 509 2566; x_wconf 90' lang='lat' dir='ltr'><strong>lanam</strong></span> <span class='ocrx_word' id='word_1_162' title='bbox 533 2509 653 2565; x_wconf 90' lang='lat' dir='ltr'><strong>euntem</strong></span> <span class='ocrx_word' id='word_1_163' title='bbox 672 2520 728 2583; x_wconf 85' lang='lat' dir='ltr'><strong>per</strong></span> <span class='ocrx_word' id='word_1_164' title='bbox 756 2503 858 2564; x_wconf 79' lang='lat' dir='ltr'><strong>vocula</strong></span> <span class='ocrx_word' id='word_1_165' title='bbox 888 2502 974 2566; x_wconf 89' lang='lat' dir='ltr'><strong>unice</strong></span> <span class='ocrx_word' id='word_1_166' title='bbox 1001 2512 1069 2584; x_wconf 90' lang='lat' dir='ltr'><strong>apta</strong></span> <span class='ocrx_word' id='word_1_167' title='bbox 1097 2503 1163 2566; x_wconf 85' lang='lat' dir='ltr'><strong>luit.</strong></span> <span class='ocrx_word' id='word_1_168' title='bbox 1206 2505 1304 2586; x_wconf 81' lang='lat' dir='ltr'><strong>Atque</strong></span> 
     </span>
     <span class='ocr_line' id='line_1_23' title="bbox 159 2600 1304 2683; baseline 0.001 -18"><span class='ocrx_word' id='word_1_169' title='bbox 159 2603 262 2665; x_wconf 89' lang='lat' dir='ltr'><strong>eadem</strong></span> <span class='ocrx_word' id='word_1_170' title='bbox 275 2603 379 2665; x_wconf 86' lang='lat' dir='ltr'><strong>vocula</strong></span> <span class='ocrx_word' id='word_1_171' title='bbox 392 2601 425 2663; x_wconf 93' lang='lat' dir='ltr'><strong>in</strong></span> <span class='ocrx_word' id='word_1_172' title='bbox 440 2600 669 2663; x_wconf 90' lang='lat' dir='ltr'><strong>Halieutioorum</strong></span> <span class='ocrx_word' id='word_1_173' title='bbox 685 2600 750 2662; x_wconf 91' lang='lat' dir='ltr'><strong>loeo</strong></span> <span class='ocrx_word' id='word_1_174' title='bbox 772 2618 864 2683; x_wconf 85' lang='lat' dir='ltr'><strong>aquo</strong></span> <span class='ocrx_word' id='word_1_175' title='bbox 886 2601 1038 2682; x_wconf 87' lang='lat' dir='ltr'><strong>profectus</strong></span> <span class='ocrx_word' id='word_1_176' title='bbox 1060 2620 1159 2665; x_wconf 88' lang='lat' dir='ltr'><strong>sermo</strong></span> <span class='ocrx_word' id='word_1_177' title='bbox 1176 2612 1222 2667; x_wconf 88' lang='lat' dir='ltr'><strong>est</strong></span> <span class='ocrx_word' id='word_1_178' title='bbox 1243 2605 1304 2667; x_wconf 89' lang='lat' dir='ltr'><strong>lar-</strong></span> 
     </span>
     <span class='ocr_line' id='line_1_24' title="bbox 158 2698 1304 2780; baseline 0 -17"><span class='ocrx_word' id='word_1_179' title='bbox 158 2701 297 2780; x_wconf 77' lang='lat' dir='ltr'><strong>giendum</strong></span> <span class='ocrx_word' id='word_1_180' title='bbox 312 2699 440 2763; x_wconf 80' lang='lat' dir='ltr'><strong>fortasse</strong></span> <span class='ocrx_word' id='word_1_181' title='bbox 454 2699 510 2761; x_wconf 85' lang='lat' dir='ltr'><strong>erit</strong></span> <span class='ocrx_word' id='word_1_182' title='bbox 525 2698 702 2780; x_wconf 88' lang='lat' dir='ltr'><strong>scriptorem</strong></span> <span class='ocrx_word' id='word_1_183' title='bbox 718 2698 933 2779; x_wconf 88' lang='lat' dir='ltr'><strong>aliquantulum</strong></span> <span class='ocrx_word' id='word_1_184' title='bbox 950 2699 1068 2762; x_wconf 89' lang='lat' dir='ltr'><strong>leniisse</strong></span> <span class='ocrx_word' id='word_1_185' title='bbox 1084 2700 1251 2775; x_wconf 89' lang='lat' dir='ltr'><strong>molestiam</strong></span> <span class='ocrx_word' id='word_1_186' title='bbox 1275 2709 1304 2764; x_wconf 93' lang='lat' dir='ltr'><strong>et</strong></span> 
     </span>
     <span class='ocr_line' id='line_1_25' title="bbox 158 2795 1303 2881; baseline -0.002 -20"><span class='ocrx_word' id='word_1_187' title='bbox 158 2815 378 2881; x_wconf 88' lang='lat' dir='ltr'><strong>compensasse.</strong></span> <span class='ocrx_word' id='word_1_188' title='bbox 423 2798 561 2860; x_wconf 83' lang='lat' dir='ltr'><strong>Getarum</strong></span> <span class='ocrx_word' id='word_1_189' title='bbox 583 2797 621 2859; x_wconf 92' lang='lat' dir='ltr'><strong>de</strong></span> <span class='ocrx_word' id='word_1_190' title='bbox 643 2803 741 2858; x_wconf 89' lang='lat' dir='ltr'><strong>morte</strong></span> <span class='ocrx_word' id='word_1_191' title='bbox 762 2796 889 2860; x_wconf 86' lang='lat' dir='ltr'><strong>tiliarum</strong></span> <span class='ocrx_word' id='word_1_192' title='bbox 906 2795 1026 2859; x_wconf 84' lang='lat' dir='ltr'><strong>Orionis</strong></span> <span class='ocrx_word' id='word_1_193' title='bbox 1048 2797 1074 2860; x_wconf 91' lang='lat' dir='ltr'><strong>si</strong></span> <span class='ocrx_word' id='word_1_194' title='bbox 1089 2798 1217 2879; x_wconf 90' lang='lat' dir='ltr'><strong>llauptio</strong></span> <span class='ocrx_word' id='word_1_195' title='bbox 1233 2816 1303 2879; x_wconf 91' lang='lat' dir='ltr'><strong>per·</strong></span> 
     </span>
     <span class='ocr_line' id='line_1_26' title="bbox 157 2893 1302 2979; baseline -0.002 -19"><span class='ocrx_word' id='word_1_196' title='bbox 157 2897 282 2960; x_wconf 86' lang='lat' dir='ltr'><strong>suadere</strong></span> <span class='ocrx_word' id='word_1_197' title='bbox 314 2893 500 2977; x_wconf 86' lang='lat' dir='ltr'><strong>aliquatenus</strong></span> <span class='ocrx_word' id='word_1_198' title='bbox 532 2893 713 2976; x_wconf 88' lang='lat' dir='ltr'><strong>potuissem,</strong></span> <span class='ocrx_word' id='word_1_199' title='bbox 748 2894 848 2957; x_wconf 91' lang='lat' dir='ltr'><strong>minus</strong></span> <span class='ocrx_word' id='word_1_200' title='bbox 880 2894 1008 2958; x_wconf 72' lang='lat' dir='ltr'><strong>domasse</strong></span> <span class='ocrx_word' id='word_1_201' title='bbox 1043 2897 1200 2979; x_wconf 85' lang='lat' dir='ltr'><strong>punxisset</strong></span> <span class='ocrx_word' id='word_1_202' title='bbox 1232 2914 1302 2960; x_wconf 89' lang='lat' dir='ltr'><strong>eum</strong></span> 
     </span>
     <span class='ocr_line' id='line_1_27' title="bbox 157 2992 1303 3077; baseline -0.001 -19"><span class='ocrx_word' id='word_1_203' title='bbox 157 2994 318 3076; x_wconf 82' lang='lat' dir='ltr'><strong>particulae</strong></span> <span class='ocrx_word' id='word_1_204' title='bbox 350 3005 435 3077; x_wconf 70' lang='lat' dir='ltr'><strong>mque</strong></span> <span class='ocrx_word' id='word_1_205' title='bbox 470 2992 507 3055; x_wconf 88' lang='lat' dir='ltr'><strong>ab</strong></span> <span class='ocrx_word' id='word_1_206' title='bbox 536 2993 622 3057; x_wconf 89' lang='lat' dir='ltr'><strong>initio</strong></span> <span class='ocrx_word' id='word_1_207' title='bbox 655 2992 801 3056; x_wconf 89' lang='lat' dir='ltr'><strong>enuntiati</strong></span> <span class='ocrx_word' id='word_1_208' title='bbox 834 3000 966 3056; x_wconf 86' lang='lat' dir='ltr'><strong>remotae</strong></span> <span class='ocrx_word' id='word_1_209' title='bbox 1004 2995 1174 3075; x_wconf 86' lang='lat' dir='ltr'><strong>exemplum</strong></span> <span class='ocrx_word' id='word_1_210' title='bbox 1206 3012 1303 3058; x_wconf 91' lang='lat' dir='ltr'><strong>unum</strong></span> 
     </span>
     <span class='ocr_line' id='line_1_28' title="bbox 158 3091 1303 3176; baseline -0.003 -19"><span class='ocrx_word' id='word_1_211' title='bbox 158 3095 238 3176; x_wconf 89' lang='lat' dir='ltr'><strong>quod</strong></span> <span class='ocrx_word' id='word_1_212' title='bbox 271 3094 303 3156; x_wconf 94' lang='lat' dir='ltr'><strong>in</strong></span> <span class='ocrx_word' id='word_1_213' title='bbox 336 3091 550 3173; x_wconf 80' lang='lat' dir='ltr'><strong>expolitissimo</strong></span> <span class='ocrx_word' id='word_1_214' title='bbox 582 3099 697 3172; x_wconf 87' lang='lat' dir='ltr'><strong>prostat</strong></span> <span class='ocrx_word' id='word_1_215' title='bbox 729 3091 863 3153; x_wconf 89' lang='lat' dir='ltr'><strong>carmine</strong></span> <span class='ocrx_word' id='word_1_216' title='bbox 895 3092 958 3153; x_wconf 76' lang='lat' dir='ltr'><strong>Art.</strong></span> <span class='ocrx_word' id='word_1_217' title='bbox 988 3092 1054 3157; x_wconf 78' lang='lat' dir='ltr'><strong>Am.</strong></span> <span class='ocrx_word' id='word_1_218' title='bbox 1078 3092 1133 3167; x_wconf 88' lang='lat'>111,</span> <span class='ocrx_word' id='word_1_219' title='bbox 1155 3091 1229 3165; x_wconf 80' lang='lat'>282,</span> <span class='ocrx_word' id='word_1_220' title='bbox 1252 3093 1303 3156; x_wconf 91' lang='lat' dir='ltr'><strong>ubi</strong></span> 
     </span>
     <span class='ocr_line' id='line_1_29' title="bbox 159 3186 1301 3274; baseline -0.001 -20"><span class='ocrx_word' id='word_1_221' title='bbox 159 3211 254 3274; x_wconf 86' lang='lat' dir='ltr'><strong>paene</strong></span> <span class='ocrx_word' id='word_1_222' title='bbox 281 3190 425 3273; x_wconf 91' lang='lat' dir='ltr'><strong>suspicari</strong></span> <span class='ocrx_word' id='word_1_223' title='bbox 454 3207 527 3270; x_wconf 77' lang='lat' dir='ltr'><strong>opus</strong></span> <span class='ocrx_word' id='word_1_224' title='bbox 555 3205 617 3253; x_wconf 90' lang='lat' dir='ltr'><strong>non</strong></span> <span class='ocrx_word' id='word_1_225' title='bbox 646 3186 775 3251; x_wconf 89' lang='lat' dir='ltr'><strong>debebat</strong></span> <span class='ocrx_word' id='word_1_226' title='bbox 805 3189 847 3251; x_wconf 84' lang='lat' dir='ltr'><strong>vir</strong></span> <span class='ocrx_word' id='word_1_227' title='bbox 869 3189 1050 3254; x_wconf 89' lang='lat' dir='ltr'><strong>clarissimus</strong></span> <span class='ocrx_word' id='word_1_228' title='bbox 1076 3191 1213 3272; x_wconf 84' lang='lat' dir='ltr'><strong>(Observ.</strong></span> <span class='ocrx_word' id='word_1_229' title='bbox 1237 3193 1301 3254; x_wconf 88' lang='lat' dir='ltr'><strong>crit.</strong></span> 
     </span>
     <span class='ocr_line' id='line_1_30' title="bbox 157 3289 309 3371; baseline -0.013 -19"><span class='ocrx_word' id='word_1_230' title='bbox 157 3309 221 3371; x_wconf 81' lang='lat' dir='ltr'><strong>pag.</strong></span> <span class='ocrx_word' id='word_1_231' title='bbox 244 3289 309 3371; x_wconf 81' lang='lat'><strong>52).</strong></span> 
     </span>
    </p>

    <p class='ocr_par' dir='ltr' id='par_1_8' title="bbox 154 3397 1303 4449">
     <span class='ocr_line' id='line_1_31' title="bbox 241 3397 1301 3481; baseline -0.002 -18"><span class='ocrx_word' id='word_1_232' title='bbox 241 3402 277 3464; x_wconf 92' lang='lat' dir='ltr'><strong>ln</strong></span> <span class='ocrx_word' id='word_1_233' title='bbox 303 3399 536 3463; x_wconf 83' lang='lat' dir='ltr'><strong>Halieutioorum</strong></span> <span class='ocrx_word' id='word_1_234' title='bbox 566 3417 592 3461; x_wconf 81' lang='lat' dir='ltr'><strong>v.</strong></span> <span class='ocrx_word' id='word_1_235' title='bbox 612 3398 652 3461; x_wconf 86' lang='grc'><strong>66</strong></span> <span class='ocrx_word' id='word_1_236' title='bbox 684 3397 856 3461; x_wconf 80' lang='lat' dir='ltr'><strong>adverbium</strong></span> <span class='ocrx_word' id='word_1_237' title='bbox 878 3399 935 3462; x_wconf 80' lang='lat' dir='ltr'><strong>laic</strong></span> <span class='ocrx_word' id='word_1_238' title='bbox 957 3399 1033 3462; x_wconf 93' lang='lat' dir='ltr'><strong>miro</strong></span> <span class='ocrx_word' id='word_1_239' title='bbox 1056 3400 1146 3462; x_wconf 90' lang='lat' dir='ltr'><strong>modo</strong></span> <span class='ocrx_word' id='word_1_240' title='bbox 1166 3399 1301 3481; x_wconf 90' lang='lat' dir='ltr'><strong>positum</strong></span> 
     </span>
     <span class='ocr_line' id='line_1_32' title="bbox 155 3496 1300 3580; baseline -0.002 -18"><span class='ocrx_word' id='word_1_241' title='bbox 155 3508 202 3563; x_wconf 89' lang='lat' dir='ltr'><strong>est</strong></span> <span class='ocrx_word' id='word_1_242' title='bbox 234 3507 269 3562; x_wconf 90' lang='lat' dir='ltr'><strong>ut</strong></span> <span class='ocrx_word' id='word_1_243' title='bbox 296 3499 366 3580; x_wconf 82' lang='lat' dir='ltr'><strong>quid</strong></span> <span class='ocrx_word' id='word_1_244' title='bbox 394 3498 576 3578; x_wconf 79' lang='lat' dir='ltr'><strong>significaret</strong></span> <span class='ocrx_word' id='word_1_245' title='bbox 605 3496 695 3561; x_wconf 85' lang='lat' dir='ltr'><strong>rixari</strong></span> <span class='ocrx_word' id='word_1_246' title='bbox 728 3497 922 3579; x_wconf 87' lang='lat' dir='ltr'><strong>altercariquc</strong></span> <span class='ocrx_word' id='word_1_247' title='bbox 954 3505 1078 3578; x_wconf 80' lang='lat' dir='ltr'><strong>possent</strong></span> <span class='ocrx_word' id='word_1_248' title='bbox 1112 3498 1300 3580; x_wconf 87' lang='lat' dir='ltr'><strong>interpretes.</strong></span> 
     </span>
     <span class='ocr_line' id='line_1_33' title="bbox 156 3595 1301 3678; baseline -0.002 -17"><span class='ocrx_word' id='word_1_249' title='bbox 156 3597 306 3661; x_wconf 81' lang='lat' dir='ltr'><strong>llelaberi&#39;s</strong></span> <span class='ocrx_word' id='word_1_250' title='bbox 328 3615 399 3660; x_wconf 87' lang='lat' dir='ltr'><strong>vero</strong></span> <span class='ocrx_word' id='word_1_251' title='bbox 421 3597 454 3659; x_wconf 93' lang='lat' dir='ltr'><strong>ni</strong></span> <span class='ocrx_word' id='word_1_252' title='bbox 469 3596 553 3659; x_wconf 87' lang='lat' dir='ltr'><strong>fallor</strong></span> <span class='ocrx_word' id='word_1_253' title='bbox 568 3616 604 3660; x_wconf 91' lang='lat' dir='ltr'><strong>eo</strong></span> <span class='ocrx_word' id='word_1_254' title='bbox 620 3603 654 3656; x_wconf 94' lang='lat' dir='ltr'><strong>ut</strong></span> <span class='ocrx_word' id='word_1_255' title='bbox 673 3595 711 3657; x_wconf 93' lang='lat' dir='ltr'><strong>in</strong></span> <span class='ocrx_word' id='word_1_256' title='bbox 732 3595 790 3656; x_wconf 91' lang='lat' dir='ltr'><strong>his</strong></span> <span class='ocrx_word' id='word_1_257' title='bbox 813 3596 858 3656; x_wconf 85' lang='lat' dir='ltr'><strong>uel</strong></span> <span class='ocrx_word' id='word_1_258' title='bbox 880 3597 982 3660; x_wconf 89' lang='lat' dir='ltr'><strong>inter</strong></span> <span class='ocrx_word' id='word_1_259' title='bbox 1002 3597 1072 3659; x_wconf 91' lang='lat' dir='ltr'><strong>hos</strong></span> <span class='ocrx_word' id='word_1_260' title='bbox 1085 3596 1301 3678; x_wconf 82' lang='lat' dir='ltr'><strong>interpreteris.</strong></span> 
     </span>
     <span class='ocr_line' id='line_1_34' title="bbox 158 3695 1303 3776; baseline -0.001 -16"><span class='ocrx_word' id='word_1_261' title='bbox 158 3697 247 3771; x_wconf 81' lang='lat' dir='ltr'><strong>Quod</strong></span> <span class='ocrx_word' id='word_1_262' title='bbox 278 3696 410 3758; x_wconf 75' lang='lat' dir='ltr'><strong>ebenum</strong></span> <span class='ocrx_word' id='word_1_263' title='bbox 433 3695 572 3760; x_wconf 79' lang='lat' dir='ltr'><strong>videlicet</strong></span> <span class='ocrx_word' id='word_1_264' title='bbox 585 3696 622 3759; x_wconf 86' lang='lat' dir='ltr'><strong>ab</strong></span> <span class='ocrx_word' id='word_1_265' title='bbox 637 3696 741 3760; x_wconf 82' lang='lat' dir='ltr'><strong>Ouidio</strong></span> <span class='ocrx_word' id='word_1_266' title='bbox 764 3704 819 3760; x_wconf 89' lang='lat' dir='ltr'><strong>est.</strong></span> <span class='ocrx_word' id='word_1_267' title='bbox 862 3697 1000 3759; x_wconf 83' lang='lat' dir='ltr'><strong>Fortasse</strong></span> <span class='ocrx_word' id='word_1_268' title='bbox 1020 3695 1086 3758; x_wconf 81' lang='lat' dir='ltr'><strong>binc</strong></span> <span class='ocrx_word' id='word_1_269' title='bbox 1107 3696 1206 3776; x_wconf 89' lang='lat' dir='ltr'><strong>potius</strong></span> <span class='ocrx_word' id='word_1_270' title='bbox 1228 3696 1303 3759; x_wconf 89' lang='lat' dir='ltr'><strong>scri-</strong></span> 
     </span>
     <span class='ocr_line' id='line_1_35' title="bbox 155 3793 1301 3877; baseline -0.003 -18"><span class='ocrx_word' id='word_1_271' title='bbox 155 3794 226 3859; x_wconf 84' lang='lat' dir='ltr'><strong>bere</strong></span> <span class='ocrx_word' id='word_1_272' title='bbox 247 3812 339 3858; x_wconf 82' lang='lat' dir='ltr'><strong>ausus</strong></span> <span class='ocrx_word' id='word_1_273' title='bbox 360 3801 448 3875; x_wconf 83' lang='lat' dir='ltr'><strong>poeta</strong></span> <span class='ocrx_word' id='word_1_274' title='bbox 470 3800 524 3857; x_wconf 87' lang='lat' dir='ltr'><strong>est.</strong></span> <span class='ocrx_word' id='word_1_275' title='bbox 568 3794 825 3877; x_wconf 80' lang='lat' dir='ltr'><strong>deindesmpiem</strong></span> <span class='ocrx_word' id='word_1_276' title='bbox 841 3794 968 3858; x_wconf 73' lang='lat' dir='ltr'><strong>voluisse</strong></span> <span class='ocrx_word' id='word_1_277' title='bbox 989 3793 1088 3855; x_wconf 89' lang='lat' dir='ltr'><strong>dicore</strong></span> <span class='ocrx_word' id='word_1_278' title='bbox 1109 3795 1301 3875; x_wconf 85' lang='lat' dir='ltr'><strong>scriptorem:</strong></span> 
     </span>
     <span class='ocr_line' id='line_1_36' title="bbox 154 3891 1302 3976; baseline 0 -21"><span class='ocrx_word' id='word_1_279' title='bbox 154 3895 319 3976; x_wconf 70' lang='lat' dir='ltr'><strong>pomoator</strong></span> <span class='ocrx_word' id='word_1_280' title='bbox 339 3893 428 3955; x_wconf 77' lang='lat' dir='ltr'><strong>duaco</strong></span> <span class='ocrx_word' id='word_1_281' title='bbox 454 3903 482 3955; x_wconf 84' lang='lat' dir='ltr'><strong>et</strong></span> <span class='ocrx_word' id='word_1_282' title='bbox 506 3893 601 3975; x_wconf 74' lang='lat' dir='ltr'><strong>pleno</strong></span> <span class='ocrx_word' id='word_1_283' title='bbox 627 3897 722 3957; x_wconf 81' lang='lat' dir='ltr'><strong>maior</strong></span> <span class='ocrx_word' id='word_1_284' title='bbox 748 3911 886 3976; x_wconf 65' lang='lat' dir='ltr'><strong>macrum</strong></span> <span class='ocrx_word' id='word_1_285' title='bbox 914 3927 957 3938; x_wconf 83' lang='lat'>-</span> <span class='ocrx_word' id='word_1_286' title='bbox 979 3891 1088 3975; x_wconf 89' lang='lat' dir='ltr'><strong>quibus</strong></span> <span class='ocrx_word' id='word_1_287' title='bbox 1114 3900 1216 3955; x_wconf 84' lang='lat' dir='ltr'><strong>tamen</strong></span> <span class='ocrx_word' id='word_1_288' title='bbox 1243 3893 1302 3955; x_wconf 92' lang='lat' dir='ltr'><strong>illi-</strong></span> 
     </span>
     <span class='ocr_line' id='line_1_37' title="bbox 155 3990 1301 4073; baseline -0.002 -19"><span class='ocrx_word' id='word_1_289' title='bbox 155 3991 295 4054; x_wconf 87' lang='lat' dir='ltr'><strong>beraliter</strong></span> <span class='ocrx_word' id='word_1_290' title='bbox 318 4009 420 4053; x_wconf 87' lang='lat' dir='ltr'><strong>versus</strong></span> <span class='ocrx_word' id='word_1_291' title='bbox 441 3990 639 4073; x_wconf 75' lang='lat' dir='ltr'><strong>repugnabat!</strong></span> <span class='ocrx_word' id='word_1_292' title='bbox 683 3992 770 4066; x_wconf 82' lang='lat' dir='ltr'><strong>Quod</strong></span> <span class='ocrx_word' id='word_1_293' title='bbox 792 3999 891 4055; x_wconf 87' lang='lat' dir='ltr'><strong>autem</strong></span> <span class='ocrx_word' id='word_1_294' title='bbox 918 3990 1085 4072; x_wconf 88' lang='lat' dir='ltr'><strong>insequitur</strong></span> <span class='ocrx_word' id='word_1_295' title='bbox 1107 3994 1209 4055; x_wconf 80' lang='lat' dir='ltr'><strong>omittis</strong></span> <span class='ocrx_word' id='word_1_296' title='bbox 1232 3992 1301 4071; x_wconf 87' lang='lat' dir='ltr'><strong>pcl-</strong></span> 
     </span>
     <span class='ocr_line' id='line_1_38' title="bbox 155 4088 1300 4171; baseline 0.001 -19"><span class='ocrx_word' id='word_1_297' title='bbox 155 4108 233 4152; x_wconf 78' lang='lat' dir='ltr'><strong>mom</strong></span> <span class='ocrx_word' id='word_1_298' title='bbox 258 4107 358 4169; x_wconf 75' lang='lat' dir='ltr'><strong>copem</strong></span> <span class='ocrx_word' id='word_1_299' title='bbox 383 4089 429 4151; x_wconf 92' lang='lat' dir='ltr'><strong>aio</strong></span> <span class='ocrx_word' id='word_1_300' title='bbox 458 4090 577 4169; x_wconf 85' lang='lat' dir='ltr'><strong>quidem</strong></span> <span class='ocrx_word' id='word_1_301' title='bbox 606 4091 682 4152; x_wconf 88' lang='lat' dir='ltr'><strong>male</strong></span> <span class='ocrx_word' id='word_1_302' title='bbox 704 4091 823 4163; x_wconf 78' lang='lat' dir='ltr'><strong>habere,</strong></span> <span class='ocrx_word' id='word_1_303' title='bbox 845 4088 956 4171; x_wconf 87' lang='lat' dir='ltr'><strong>quippe</strong></span> <span class='ocrx_word' id='word_1_304' title='bbox 985 4107 1053 4152; x_wconf 93' lang='lat' dir='ltr'><strong>cum</strong></span> <span class='ocrx_word' id='word_1_305' title='bbox 1074 4088 1183 4152; x_wconf 84' lang='lat' dir='ltr'><strong>animis</strong></span> <span class='ocrx_word' id='word_1_306' title='bbox 1210 4105 1300 4153; x_wconf 92' lang='lat' dir='ltr'><strong>nemo</strong></span> 
     </span>
     <span class='ocr_line' id='line_1_39' title="bbox 155 4176 1301 4268; baseline 0.001 -18"><span class='ocrx_word' id='word_1_307' title='bbox 155 4187 242 4250; x_wconf 87' lang='lat' dir='ltr'><strong>iacile</strong></span> <span class='ocrx_word' id='word_1_308' title='bbox 268 4204 412 4250; x_wconf 91' lang='lat' dir='ltr'><strong>coronam</strong></span> <span class='ocrx_word' id='word_1_309' title='bbox 434 4188 628 4268; x_wconf 88' lang='lat' dir='ltr'><strong>prehenderit</strong></span> <span class='ocrx_word' id='word_1_310' title='bbox 645 4195 685 4234; x_wconf 88' lang='grc'><strong>“-</strong></span> <span class='ocrx_word' id='word_1_311' title='bbox 701 4176 829 4252; x_wconf 55' lang='lat' dir='ltr'><strong>&#39;Arionis</strong></span> <span class='ocrx_word' id='word_1_312' title='bbox 851 4189 942 4251; x_wconf 89' lang='lat' dir='ltr'><strong>modo</strong></span> <span class='ocrx_word' id='word_1_313' title='bbox 968 4187 1159 4251; x_wconf 88' lang='lat' dir='ltr'><strong>reminiscere</strong></span> <span class='ocrx_word' id='word_1_314' title='bbox 1181 4186 1301 4268; x_wconf 90' lang='lat' dir='ltr'><strong>capien-</strong></span> 
     </span>
     <span class='ocr_line' id='line_1_40' title="bbox 155 4285 1301 4366; baseline 0 -16"><span class='ocrx_word' id='word_1_315' title='bbox 155 4287 195 4350; x_wconf 86' lang='lat' dir='ltr'><strong>tis</strong></span> <span class='ocrx_word' id='word_1_316' title='bbox 210 4303 351 4349; x_wconf 86' lang='lat' dir='ltr'><strong>coronam</strong></span> <span class='ocrx_word' id='word_1_317' title='bbox 371 4285 452 4349; x_wconf 87' lang='lat' dir='ltr'><strong>Fast.</strong></span> <span class='ocrx_word' id='word_1_318' title='bbox 474 4285 509 4361; x_wconf 93' lang='lat' dir='ltr'><strong>ll,</strong></span> <span class='ocrx_word' id='word_1_319' title='bbox 532 4307 558 4349; x_wconf 87' lang='lat' dir='ltr'><strong>v.</strong></span> <span class='ocrx_word' id='word_1_320' title='bbox 583 4287 643 4349; x_wconf 83' lang='lat'><strong>105</strong></span> <span class='ocrx_word' id='word_1_321' title='bbox 658 4321 714 4362; x_wconf 89' lang='lat'><strong>-‚</strong></span> <span class='ocrx_word' id='word_1_322' title='bbox 747 4288 799 4350; x_wconf 88' lang='lat' dir='ltr'><strong>sed</strong></span> <span class='ocrx_word' id='word_1_323' title='bbox 821 4287 992 4350; x_wconf 83' lang='lat' dir='ltr'><strong>subveniam</strong></span> <span class='ocrx_word' id='word_1_324' title='bbox 1019 4293 1124 4366; x_wconf 88' lang='lat' dir='ltr'><strong>poetae</strong></span> <span class='ocrx_word' id='word_1_325' title='bbox 1145 4287 1301 4350; x_wconf 88' lang='lat' dir='ltr'><strong>commoda</strong></span> 
     </span>
     <span class='ocr_line' id='line_1_41' title="bbox 155 4384 336 4449; baseline -0.017 -1"><span class='ocrx_word' id='word_1_326' title='bbox 155 4384 336 4449; x_wconf 81' lang='lat' dir='ltr'><strong>mutatione:</strong></span> 
     </span>
    </p>
   </div>
   <div class='ocr_carea' id='block_1_8' title="bbox 0 0 1466 5018">
    <p class='ocr_par' dir='ltr' id='par_1_9' title="bbox 0 0 1466 5018">
     <span class='ocr_line' id='line_1_42' title="bbox 0 0 1466 5018; baseline 0 0"><span class='ocrx_word' id='word_1_327' title='bbox 0 0 1466 5018; x_wconf 95' lang='lat' dir='ltr'><strong> </strong></span> 
     </span>
    </p>
   </div>
  </div>
 </body>
</html>
