2924 5018
620 294 839 360 ..58-

156 475 221 546 dici,
246 493 306 535 non
322 475 380 535 alas
396 491 434 534 ne
447 489 520 552 puer
535 472 657 552 quidem
673 471 782 543 nescit3
805 490 902 551 neque
926 471 970 534 vel
985 470 1042 549 ipsi
1058 469 1212 530 hirundini
1228 469 1306 548 pisci

156 581 207 634 aut
227 573 319 634 miluo
342 580 393 633 aut
416 570 527 650 loligini
543 570 593 649 qui
609 572 707 630 volare
729 571 899 631 ferebantur
920 570 979 630 alas
1003 568 1107 629 tribuit
1127 567 1304 646 antiquitas.

157 672 206 734 llla
228 672 323 750 qualia
345 672 485 749 leguntur
508 668 640 747 accipere
665 668 775 729 latinus
797 668 922 748 quisque
953 668 993 727 ita
1015 665 1153 734 debebat,
1181 683 1307 744 sargum

156 771 267 850 piscem
290 770 392 831 axillas
415 767 562 841 habuisse,
585 767 652 828 ideo
675 766 816 827 nimirum
841 775 870 826 et
893 765 1026 826 bracchia
1050 772 1079 825 et
1099 762 1191 842 pedes
1223 765 1308 825 velut

156 886 228 929 rana
251 868 366 929 marina
389 868 468 946 apud
490 866 567 926 Plin.
584 865 623 925 lX
641 865 701 926 159
725 873 754 925 et
777 866 838 925 alas
860 872 890 924 et
912 864 1004 943 pedes
1028 862 1115 924 habet
1137 869 1168 923 et
1189 862 1305 922 clunes.

156 967 255 1045 Atque
275 967 363 1028 etiam
386 966 410 1026 si
434 966 496 1026 alae
519 983 572 1044 pro
596 963 696 1044 pinnis
719 963 835 1024 habitae
851 968 960 1033 essent,
983 968 1093 1021 notae
1108 959 1231 1039 quidem
1255 961 1308 1021 in-

156 1064 240 1142 signe
263 1064 379 1142 aliquod
403 1070 482 1136 sunt,
505 1063 642 1142 pinnae
666 1062 788 1123 minime
802 1098 844 1108 ——
860 1062 993 1122 defectus
1016 1060 1115 1140 potius
1138 1059 1304 1138 pinnarum

157 1162 275 1240 insigne
297 1162 412 1224 fuisset.
444 1163 547 1241 ltaque
562 1161 593 1221 in
610 1161 774 1241 corruptela
791 1167 891 1239 aperta
915 1159 1101 1221 confidenter
1116 1157 1293 1237 reponimus

390 1286 516 1366 Insignis
538 1304 700 1366 sargusque
723 1285 812 1357 notis,
835 1282 956 1361 insignis
979 1282 1054 1343 iulis.

158 1414 192 1473 ln
225 1412 330 1491 quibus
363 1417 437 1473 uotis
467 1413 501 1474 ad
536 1412 640 1491 duplex
672 1416 790 1492 iest'pnis
822 1409 936 1470 facilius
959 1409 1130 1471 trahebatur
1152 1427 1243 1489 quam
1270 1409 1305 1470 in

157 1530 245 1572 versu
266 1511 306 1572 ita
327 1510 455 1590 scripto:
478 1502 666 1590 insignisque
689 1511 769 1571 notis
792 1526 909 1587 sargus,
931 1507 1056 1586 insignis
1078 1507 1154 1568 iulis.
1199 1507 1306 1568 Veris-

158 1610 234 1670 sime
256 1617 356 1670 autem
379 1609 418 1670 ita
441 1609 556 1670 colores
579 1607 678 1669 iulidis
701 1609 798 1670 notari
821 1629 856 1670 ex
879 1609 977 1671 verbis
995 1608 1117 1671 Gesneri
1141 1609 1305 1671 concludas

158 1726 234 1787 quae
257 1707 468 1791 adposuimus3
502 1725 598 1788 neque
629 1707 708 1767 enim
732 1707 874 1768 nimirum
908 1715 995 1769 notae
1027 1708 1105 1770 idem
1129 1715 1216 1787 atque
1240 1727 1309 1770 ma-

158 1807 255 1875 culae,
286 1805 376 1865 veluti
400 1805 435 1865 de
457 1823 542 1883 sarge
566 1824 685 1884 quoque
709 1806 786 1886 apud
810 1792 974 1868 Gesnerum
998 1806 1179 1885 reperimus:
1208 1807 1309 1880 „eirca

157 1893 314 1965 branchias
339 1912 368 1963 et
391 1904 515 1963 caudam
542 1904 573 1963 in
600 1922 634 1963 eo
657 1903 741 1983 nigra
769 1914 839 1965 uota
873 1905 943 1967 satis
977 1905 1072 1984 ampla
1106 1913 1241 1985 apparet:
1278 1900 1309 1966 c't

157 2003 253 2064 lineae
275 2000 432 2078 subnigrae
454 2020 471 2060 a
494 1999 641 2063 branchiis
661 2003 697 2064 ad
721 2004 845 2065 caudam
869 2004 1083 2064 ducuntur-
1107 2022 1181 2084 quae
1205 2003 1308 2064 omnia

157 2120 225 2162 cum
249 2101 402 2161 molanum
419 2101 588 2161 communia
609 2101 724 2172 habet“‚
745 2121 821 2180 quae
837 2102 946 2181 scripta
970 2110 1042 2163 sunt
1064 2101 1128 2182 ipso
1144 2101 1306 2165 Aristotele

158 2201 234 2262 duce
257 2200 308 2281 qui
324 2189 449 2277 =sargum
465 2217 559 2278 aeque
582 2218 615 2261 ae
638 2200 826 2261 melanurum
849 2209 878 2260 et
893 2196 1135 2282 noddypappov
1157 2209 1187 2260 et
1200 2197 1309 2282 μελα-

157 2294 351 2379 νόγραμμοι)
372 2305 402 2359 et
425 2284 726 2379 ‹ipporrv'yo‘orrerov
749 2298 862 2359 dixerat
883 2305 960 2359 teste
983 2298 1133 2359 Athenaeo
1154 2317 1182 2377 p.
1201 2297 1307 2360 3131).

161 2398 351 2477 Corruptelae
374 2396 479 2457 similis
507 2403 587 2456 certe
613 2396 781 2475 exemplum
813 2396 944 2457 adferam
979 2396 1114 2457 Heroidis
1146 2395 1308 2483 Ouidianae

160 2496 224 2557 XlV
247 2514 366 2557 versum
393 2493 450 2555 103
474 2493 525 2555 ubi
549 2512 616 2554 curn
640 2494 802 2572 antiquitus
824 2495 952 2573 legatur:

262 2611 344 2684 Quae
367 2611 418 2672 tibi
441 2629 527 2672 causa
549 2607 660 2689 fugae?
683 2611 752 2689 quid
776 2610 807 2671 lo
830 2610 906 2672 freta
928 2610 1015 2688 longa
1037 2607 1197 2690 pererras?
1243 2672 1246 2676 ,

161 2737 235 2799 mihi
258 2737 377 2817 quidem
401 2738 493 2798 latere
519 2753 581 2798 nou
604 2735 692 2797 nimis
724 2744 802 2798 tecte
826 2737 956 2798 videtur:
995 2737 1062 2814 quid
1091 2743 1127 2797 et
1160 2734 1193 2797 o!
1226 2739 1309 2816 [rete

161 2838 246 2918 longe
267 2854 405 2916 pererras
438 2835 488 2914 (cf.
511 2854 586 2914 eg.
622 2845 707 2914 toque
736 2829 769 2895 ol
806 2835 909 2912 Vergil.
937 2835 1041 2912 Georg.
1065 2834 1078 2895 1
1105 2834 1165 2910 12).
1220 2835 1309 2914 Apud

161 2935 288 2996 Plinium
315 2951 384 2993 vero
414 2953 468 3012 pro
496 2934 588 2994 ndum
614 2934 770 2994 rectiorem
800 2934 925 2995 formam
954 2933 1037 2994 iulim
1064 2933 1149 2994 facile
1180 2933 1308 3009 iterabit,

160 3035 241 3094 velut
263 3031 385 3111 orphum
404 3031 505 3092 statim
536 3040 621 3094 antea
644 3050 699 3111 pro
730 3033 849 3112 orpbim.
895 3031 1079 3093 Pervolitans
1108 3031 1156 3092 ille
1184 3044 1308 3095 carmon

160 3128 321 3211 praedicari
343 3129 379 3190 de
400 3129 490 3191 iulide
514 3130 585 3190 nihil
617 3130 676 3191 nisi
697 3130 843 3209 insignem
863 3150 940 3192 >esse
969 3130 1154 3192 existumavit
1180 3131 1308 3211 ideoque

161 3229 230 3290 huic
250 3247 338 3290 suum
368 3229 521 3308 epitheton
549 3228 618 3288 dare
643 3230 820 3308 supersedit.
864 3228 950 3301 Quod
975 3228 1000 3289 si
1024 3230 1112 3290 etiam
1136 3247 1217 3300 nunc
1238 3248 1309 3309 spa·

119 3401 120 3404 ¹
160 3327 261 3389 rutum
284 3328 414 3389 seribere
438 3327 539 3397 males,
562 3328 633 3388 haec
655 3347 689 3388 ea
711 3328 755 3389 via
779 3336 838 3400 est,
863 3345 921 3406 qua
943 3327 1031 3387 etiam
1055 3345 1090 3388 ex
1113 3327 1194 3407 apice
1214 3328 1308 3390 extri·

161 3424 276 3487 cabitur
308 3425 648 3505 scytalosagittipelliger.
708 3426 840 3504 Denique
875 3425 907 3485 in
941 3444 966 3486 v.
994 3424 1057 3485 llal.
1084 3426 1124 3486 95
1159 3425 1307 3505 scripturn

161 3525 255 3586 fuisse
276 3524 351 3585 nihil
365 3532 464 3604 potest
486 3523 543 3584 nisi
557 3524 643 3584 milui
656 3524 788 3604 (antiqua
811 3524 958 3602 scriptura
980 3524 1065 3598 meliri
1080 3557 1121 3569 --
1136 3524 1161 3585 si
1184 3524 1307 3604 quidem

161 3629 272 3683 tautam
296 3622 399 3682 silvam
424 3621 581 3682 nominum
605 3622 729 3700 piscium
746 3623 882 3684 traditam
898 3632 1035 3682 tenemus
1059 3630 1092 3683 ut
1106 3628 1198 3683 totam
1213 3639 1310 3702 paene

161 3728 296 3781 veterum
318 3719 519 3797 cognitionem
542 3720 677 3798 amplecti
701 3719 861 3781 videamur.
907 3719 995 3797 Nigro
1019 3728 1138 3798 tergore
1161 3739 1227 3781 esse
1248 3722 1308 3782 mi-

161 3819 227 3878 luos
250 3817 295 3877 vel
318 3807 450 3898 ἱέρακας
473 3835 532 3895 quo
561 3817 733 3878 confirmem
765 3836 826 3879 non
855 3818 966 3890 habeo;
996 3826 1076 3879 certe
1107 3819 1166 3878 avis
1195 3836 1309 3881 nomeu

161 3935 222 3978 non
244 3923 366 3995 propter
381 3915 487 3976 coloris
503 3913 729 3976 similitudinem
746 3924 930 3996 acceperant,
953 3916 1006 3977 sed
1030 3917 1109 3977 velut
1132 3917 1308 3979 hirundines

162 4015 258 4094 pisces
292 4013 360 4093 quia
397 4014 494 4075 volare
521 4013 694 4074 dicebantur
725 4013 1089 4094 (Plin.lX81‚0ppian.
1114 4015 1308 4092 Hal.1428)

161 4113 297 4193 quamvis
318 4112 431 4174 tardius
455 4112 591 4192 (Oppian.
612 4130 638 4171 v.
661 4111 746 4185 435),
774 4113 851 4173 siout
879 4113 968 4174 etiam
996 4113 1076 4174 inter
1102 4113 1210 4175 miluos
1240 4132 1309 4177 ares

162 4213 284 4274 luerunt
308 4211 357 4291 qui
379 4210 493 4270 tardius
508 4211 639 4272 volarent
653 4209 787 4289 (Dionys.
804 4211 840 4270 de
855 4211 957 4272 aribus
974 4211 1043 4289 16).
1086 4211 1175 4272 Deest
1196 4228 1310 4275 nomen

163 4317 193 4370 et
215 4311 291 4389 apud
308 4308 495 4370 Aristotelem
519 4317 548 4370 et
570 4309 646 4388 apud
663 4310 857 4370 Athenaeum.
892 4309 935 4368 Ex
949 4308 1084 4370 Marcello
1110 4312 1309 4390 comparanda

162 4401 256 4489 ἅρπη
279 4408 422 4479 videatur,
444 4425 479 4468 ex
502 4407 627 4487 piscium
653 4407 749 4471 indice
765 4425 781 4467 a
796 4407 891 4467 Plinio
913 4415 1030 4469 servato
1047 4407 1153 4471 llllllll
1172 4409 1231 4469 145
1239 4426 1308 4489 qq.
