2924 5018
612 256 853 321 -135-

159 443 232 496 sunt
275 453 303 514 p.
330 433 520 496 5471315:
578 429 634 494 eal
677 428 721 493 oi
766 437 911 495 πίνναι
956 428 1085 513 ὀρθαὶ
1128 427 1303 514 φύονται

158 532 195 594 ἐκ
230 529 287 594 τοῦ
324 532 451 613 deonoti
496 531 556 611 (rel
593 528 720 612 βυθοῦ)
764 529 808 594 δν
850 541 939 604 τοίς
983 525 1208 612 οἰριμιιίδεσι1
1234 528 1305 593 καί

158 623 487 714 βορβορώδεσιν.
530 627 670 708 ἔχουσι
701 625 732 692 δ’
762 628 804 693 ιίν
832 626 975 704 αὑταῖς
1010 624 1303 710 πινινοφιίλαιια

159 726 199 790 αἱ
230 728 302 810 μὲν
332 726 538 810 καρίδιον,
568 725 610 790 αἳ
640 725 685 791 δὲ
714 731 943 812 καρκίνιον·
987 719 1027 791 οὗ
1056 722 1302 810 στερισκόμενοι

158 824 420 910 διαφθείρονται
436 824 571 890 δδιττον.
601 828 696 900 Quam
713 847 766 907 ego
781 835 923 908 reputans
939 827 1163 890 similitudinem
1179 847 1234 909 pro
1251 845 1303 888 ex·

156 927 273 1008 plorato
286 925 380 988 habeo
395 927 473 1006 apud
482 926 671 989 Aristotelem
685 934 718 989 ut
733 927 787 989 alia
799 928 893 991 multa
908 927 985 1001 alibi,
1000 927 1039 988 its
1055 926 1192 988 hocloco
1208 926 1302 989 inter·

157 1026 264 1087 cidisse
296 1026 390 1106 ipsam
417 1025 500 1088 illam
523 1026 597 1087 Plini
625 1026 878 1090 narratiunculam
909 1027 1110 1089 illustrantem
1133 1045 1199 1091 eam
1222 1024 1302 1105 quod

157 1125 224 1186 sine
256 1125 364 1186 comite
396 1121 658 1205 διαφθείρονται
687 1121 824 1187 θᾶττον.
881 1125 987 1200 Statim
1020 1133 1121 1188 autem
1153 1124 1187 1185 in
1220 1141 1256 1188 ea
1286 1143 1303 1187 a

158 1223 321 1304 Chrysippo
354 1222 472 1285 differre
503 1223 561 1285 boc
595 1224 721 1287 maxime
744 1223 843 1286 vidisti
869 1223 949 1304 qnod
980 1223 1049 1304 pina
1080 1240 1189 1303 corpus
1213 1241 1303 1285 suum
1371 1287 1374 1295 ,

157 1322 324 1384 luminibus
358 1323 465 1384 orbum
499 1322 642 1403 praehere
678 1322 826 1403 pisciculis
862 1322 986 1398 dicitur;
1021 1332 1050 1383 at
1086 1322 1166 1384 idern
1203 1330 1304 1402 aperte

157 1423 270 1503 legerat
292 1421 429 1484 Aelianus
444 1422 483 1482 lll
500 1420 541 1482 29
564 1421 614 1483 ubi
637 1423 717 1484 hunc
739 1421 770 1482 in
787 1421 910 1484 modum
926 1440 974 1484 res
990 1421 1080 1484 etiam
1096 1428 1305 1500 exaggeratur:

145 1518 214 1583 ,καὶ
240 1521 408 1600 προτείνει
436 1522 574 1602 σαρκίον
599 1518 634 1592 ἐξ
659 1517 775 1603 ἑαυτῆς
797 1516 903 1583 οἱονεί
924 1517 1041 1602 δέλεαρ
1060 1528 1131 1592 τοίς
1152 1539 1304 1603 παρανη-

156 1621 312 1701 χομένοις
336 1617 401 1681 τῶν
429 1613 568 1696 ἰχθύων.
616 1620 723 1682 Omisit
745 1620 927 1703 Chrysippus
960 1620 1072 1700 quique
1103 1618 1141 1682 ab
1170 1637 1205 1681 οο
1227 1636 1304 1699 pen-

157 1720 228 1781 dent
250 1735 354 1784 omnes
376 1718 447 1780 illud
470 1737 607 1798 quoque:
644 1713 748 1802 ὀρθαὶ
779 1714 920 1802 φύονται
954 1719 997 1780 rel
1025 1719 1156 1781 mhrccto
1185 1735 1304 1798 semper.

185 1872 188 1876 .
242 1817 383 1880 Extitisse
398 1817 475 1897 apud
491 1817 679 1880 Aristotelem
695 1819 795 1881 locum
810 1819 939 1899 plenum,
961 1837 997 1880 co
1012 1835 1134 1898 quoque
1147 1829 1304 1880 commen-

159 1917 246 1979 datur
277 1916 357 1997 quod
385 1916 498 1997 reliqua
531 1917 644 1980 Plinius
670 1917 776 1998 quibus
803 1917 912 1981 ibidem
939 1917 1100 1980 sollertiam
1132 1916 1304 1998 aquatihunt

158 2015 308 2096 ampliavit
319 2016 414 2078 eidem
428 2016 527 2078 omnia
541 2017 717 2097 philosopho
729 2016 872 2081 debebat:
889 2019 926 2080 de
937 2018 1138 2099 torpedine
1148 2019 1197 2081 Ar.
1206 2017 1304 2098 poto

157 2115 246 2188 nte,
268 2117 306 2178 de
327 2134 418 2178 rana
442 2117 581 2179 marina
605 2116 772 2191 tronti,
801 2117 838 2179 de
871 2118 1051 2199 squatina
1086 2127 1116 2181 et
1147 2115 1304 2180 rhombo

157 2224 189 2278 et
214 2216 290 2278 reio
309 2215 406 2277 dhon
423 2215 463 2277 30
491 2217 615 2294 (scilicet
639 2236 694 2298 pro
717 2217 828 2300 ψῆττα
842 2217 1005 2279 Aristotelis
1028 2218 1188 2282 rhombum
1209 2217 1303 2280 inter-

156 2332 227 2395 pres
238 2315 348 2377 latinus
361 2315 526 2377 secundum
538 2333 654 2377 morem
666 2316 789 2377 latinum
798 2316 913 2395 posuit:
926 2317 962 2377 cl.
971 2333 1099 2396 suprap.
1109 2316 1191 2392 118).
1208 2316 1304 2379 Simul

157 2425 259 2479 tamen
282 2414 359 2476 miro
382 2414 472 2475 modo
494 2433 571 2494 quae
594 2415 672 2495 apud
695 2414 881 2478 Aristotelem
903 2422 976 2476 sunt
996 2413 1038 2478 coi
1063 2412 1104 2477 ἓν
1129 2414 1180 2498 τῷ
1206 2411 1304 2477 στό·

156 2533 258 2596 ματι
288 2508 311 2575 ἃ
339 2511 497 2577 καλοῦσιν
527 2508 560 2576 oi
587 2508 693 2586 ἁλιεῖς
723 2510 888 2596 ῥαβδία·
929 2515 1164 2596 προςίρχονται
1192 2508 1226 2577 δῖ
1253 2506 1304 2587 οἷς

158 2610 260 2695 πρὸς
281 2615 409 2696 φυκία
429 2609 492 2697 ἀφ’
509 2606 555 2676 ὧν
573 2614 801 2696 cosmometra
824 2612 916 2674 latino
937 2612 1081 2694 scriptore
1094 2612 1304 2696 exprimuntur

153 2715 254 2792 pinacis
268 2717 398 2786 essartis,
421 2714 585 2794 etquidem
608 2712 834 2775 οειιιιίοιιίονιιιιι
848 2715 946 2792 specie,
969 2712 1089 2774 omissis
1111 2710 1147 2776 ἐν
1161 2711 1207 2797 τῷ
1228 2705 1304 2775 στό-

157 2833 247 2892 ματι.
293 2812 330 2871 At
351 2812 376 2873 si
398 2812 467 2874 olim
491 2812 622 2892 pleniora
645 2830 745 2892 graeca
767 2815 899 2874 fuerant:
933 2819 1005 2884 τοῖς
1033 2808 1069 2874 δν
1088 2812 1135 2896 τῷ
1162 2809 1303 2894 στόματι

159 2905 476 2993 στεριφώμασιν
498 2905 521 2971 ἃ
541 2908 700 2975 καλοῦσιν
710 2930 783 2991 eqs.,
806 2918 894 2991 atque
916 2910 987 2972 illud
1007 2906 1303 2992 πτερονιίριασινεί

157 3027 212 3090 pro
228 3013 417 3093 πτερυγίοις
438 3011 586 3091 interpres
599 3008 673 3072 falso
689 3017 851 3090 acceperat,
873 3008 932 3072 iarn
948 3009 1081 3091 ineptum
1096 3009 1171 3071 illud
1186 3016 1304 3075 caecatis

153 3112 252 3188 prono
266 3108 381 3170 facilem
397 3107 486 3170 habet
498 3108 682 3189 explicatum.
707 3108 821 3170 Plinius
835 3117 935 3171 autern
947 3110 1054 3171 melius
1066 3109 1098 3171 ni
1108 3109 1194 3171 fallor
1208 3111 1301 3191 scrip·

158 3208 261 3270 sisset:
283 3213 370 3290 specie
385 3209 586 3270 vasatorum.
617 3208 761 3289 Deinceps
776 3226 831 3288 pro
846 3227 924 3282 eom,
947 3209 1026 3289 quod
1042 3209 1186 3289 stupenda
1208 3209 1305 3272 adhuc

158 3306 306 3371 celeritate
343 3315 550 3369 conservatum
586 3306 636 3368 ab
659 3306 823 3368 editoribus
861 3307 961 3381 νὶδοο,
997 3324 1143 3387 reponere
1179 3307 1301 3370 festina:

158 3410 243 3469 είίαιιι
260 3409 411 3486 pastinaca
432 3406 640 3481 lotrochcotor3
662 3405 740 3485 apud
761 3406 951 3468 Aristotelem
975 3424 1045 3468 vcro
1067 3406 1161 3486 aliqua
1184 3406 1303 3469 excide·

156 3514 230 3567 runt
252 3514 320 3586 post
341 3501 429 3587 πλὴν
452 3503 514 3582 cdx
536 3495 660 3586 ὁμοίως
676 3502 738 3565 6ίο
754 3503 776 3565 Β
793 3503 843 3564 nt.

244 3606 341 3685 Atque
362 3607 421 3667 iam
444 3606 511 3669 vide
527 3613 582 3667 'me
602 3623 662 3685 quo
684 3622 867 3684 procurram.
912 3603 987 3665 Nam
1009 3603 1097 3666 etad
1120 3622 1184 3665 rem
1206 3621 1303 3668 meam

157 3706 256 3767 lacere
288 3704 372 3767 rideo
406 3712 439 3766 ut
472 3713 618 3784 quantum
651 3703 759 3765 laboris
791 3702 823 3764 in
845 3702 1000 3765 historiam
1032 3702 1204 3765 animalium
1227 3703 1302 3767 scri·

158 3802 287 3866 bendani
311 3802 422 3864 Plinius
443 3802 624 3883 impenderit
646 3801 753 3864 clarius
783 3801 956 3882 dispiciatur
977 3810 1006 3864 et
1027 3802 1122 3864 sentio
1145 3802 1303 3866 dicendum

158 3921 225 3965 esse
240 3901 407 3980 indignum,
423 3903 502 3981 quod
518 3901 654 3983 quasillo
669 3901 856 3981 conscripsit,
872 3909 906 3963 ut
920 3901 1107 3965 obscuriores
1121 3902 1229 3982 reliqui
1243 3902 1303 3965 sint

157 4010 307 4072 auctores,
339 4010 440 4063 tamen
473 4002 649 4082 plerumque
681 4019 749 4064 cum
779 4001 844 4080 ipso
866 4000 1022 4063 Aristotele
1045 4001 1203 4064 manifesto
1231 4017 1301 4063 con·

157 4102 299 4182 spirantia
336 4101 468 4163 noudum
490 4137 493 4143 ·
513 4102 550 4163 ad
588 4101 729 4162 amussim
766 4117 887 4161 excussa
928 4100 1029 4162 omnia
1065 4107 1095 4162 et
1131 4118 1200 4162 cum
1235 4100 1301 4181 ipso

157 4199 316 4263 Aristotele
350 4199 464 4262 conlata
497 4206 579 4261 sunt.
624 4201 721 4281 Atque
747 4216 926 4279 quamquam
955 4199 1026 4261 huic
1054 4199 1119 4260 loco
1149 4217 1211 4263 non
1235 4208 1301 4280 apta

158 4300 216 4363 nisi
238 4318 332 4380 pauca
354 4298 488 4379 exempla
510 4309 597 4361 erunt
618 4298 737 4371 selecta,
760 4304 861 4360 tamen
878 4298 946 4360 inde
969 4308 999 4359 et
1021 4297 1181 4360 lectionum
1198 4316 1302 4361 emen·

158 4400 272 4463 dationi
301 4400 415 4460 fructus
448 4397 537 4478 aliqui
572 4398 723 4461 dabuntur
745 4404 774 4459 et
796 4397 993 4478 intellegetur,
1026 4406 1134 4479 quanta
1168 4416 1237 4462 eura
1267 4417 1301 4463 ac
