2924 5018
613 299 858 364 -153-

163 478 298 558 quibus
320 477 482 540 rotunda
498 477 721 538 iracundum
751 472 810 548 οἷς
829 472 872 538 dd
892 475 1120 557 περιφερές,
1140 477 1308 553 duplaret

162 579 242 638 velut
264 577 320 638 hec
338 567 462 653 vestigio
483 575 610 637 tumoris
632 593 723 655 appa-

162 686 264 751 rente3
302 678 374 750 (non
408 674 449 736 ita
483 683 591 736 sonant
620 673 723 735 ultima

162 775 234 835 haec
256 774 340 856 quasi
356 772 392 836 ab
408 774 567 838 Aristotele
580 782 646 836 orta
663 791 724 836 nen

162 872 232 945 sint,
270 873 329 936 nisi
365 872 446 953 quod
478 892 568 936 sensu
599 872 724 935 ridicule

162 971 335 1035 destituitur
356 971 428 1034 illud
454 971 532 1034 aetat
556 971 621 1046 lem
649 989 722 1038 cuu-

160 1069 233 1131 icic:
274 1069 403 1135 aeuum
440 1073 565 1151 ,veatlpie
601 1073 724 1137 tumoris

162 1179 334 1249 apparente3
366 1179 509 1250 apparent
543 1168 651 1250 quippe
672 1174 723 1228 tu·
782 1241 784 1244 ¹

162 1276 304 1346 mentque
318 1286 410 1330 venae
433 1275 612 1348 temporum.
649 1267 722 1328 Per·

160 1364 269 1445 gitur):
844 1436 846 1440 ¹

161 1489 375 1570 Supercilia
413 1489 548 1571 quilius
592 1489 719 1569 perri·
745 1477 815 1550 ὑπὸ
845 1484 883 1549 δὲ
911 1486 956 1571 τῷ
985 1483 1126 1572 μετώπῳ
1155 1482 1308 1572 ’ὀφρύος

160 1597 300 1666 guntur
327 1588 364 1650 in
387 1596 549 1664 rectum,
583 1588 718 1651 melles
747 1584 921 1670 διφυεῖς·
938 1577 983 1648 ὦν
997 1582 1306 1668 αἱμὲνεῦθεται

160 1686 403 1767 significaut3
746 1682 925 1768 μαλακοῦ
971 1681 1100 1766 ἤθους
1143 1696 1308 1768 σημεῖον

161 1783 298 1865 quibus
331 1785 587 1847 iuxtanasum
621 1780 788 1848 llexaai
838 1780 882 1846 δὲ
932 1783 1032 1865 πρὸς
1089 1783 1159 1867 κήν
1216 1784 1306 1868 ῥῖνα

159 1892 259 1958 sunt,
282 1893 475 1958 auster0s3
746 1877 1109 1966 τὴνκαμπολόκνμ1
1141 1880 1306 1963 ἔχουσαι

747 1981 948 2065 στρυφνοῦ

160 2080 269 2164 quibus
304 2082 406 2143 iuxta
444 2090 612 2163 tempera
656 2080 719 2142 in·
746 2076 800 2141 αἶ’
826 2077 869 2144 δὲ
904 2077 1003 2163 πρὸς
1039 2079 1129 2154 τοὺς
1164 2078 1306 2161 κροτα-

159 2179 274 2253 flexa‚
308 2181 515 2255 derisorem
553 2179 661 2261 quibus
686 2179 718 2239 in
747 2198 845 2261 φοος
880 2179 1009 2261 μωκοῦ
1044 2178 1109 2241 καὶ
1146 2181 1308 2263 εἴρωνος

159 2287 257 2341 tetum
280 2279 457 2355 demissa,
482 2279 675 2340 malivolos
691 2287 719 2340 et
746 2273 1306 2362 αἳδὲκατεσπασμέναιφθό-

159 2379 286 2441 invides.
609 2434 611 2439 .
746 2395 825 2440 νοο.
1331 2385 1333 2388 ·

159 2516 265 2578 Oculi
313 2515 581 2596 quibuscunque
629 2523 721 2577 eunt
748 2506 809 2596 ὑφ’
849 2508 904 2585 αἷς
944 2507 1172 2596 ὀφθαλμοί·
1212 2506 1307 2578 οὗτοι

157 2615 261 2696 lengi
306 2615 502 2676 maleficos
551 2613 719 2676 moribus
747 2609 832 2674 narei
858 2607 960 2693 φύσιν
986 2607 1062 2675 du‘o·
1086 2608 1306 2696 τούτωνμέρη

159 2720 244 2776 ee'ee
273 2714 451 2775 indicant
468 2699 617 2793 ''tprepter
639 2713 719 2774 hunc
747 2730 823 2790 quae
848 2711 909 2771 sint
939 2711 1112 2790 exponitur3
1148 2713 1306 2792 exponitur

158 2813 285 2875 maxime
307 2812 405 2874 lecum
428 2811 650 2874 Gutschmidius
665 2813 683 2873 l.
697 2811 717 2873 l.
746 2809 816 2889 quid
843 2809 882 2871 sit
906 2804 985 2891 κόρη
1013 2809 1084 2890 quid
1110 2807 1214 2891 μέλαν
1236 2812 1305 2892 quid

157 2897 258 2992 pred
275 2911 476 2991 neglegentiae
487 2911 618 2990 Trogum
631 2928 718 2972 accu-
745 2904 873 2982 λευκόν,
909 2908 1037 2988 denique
1070 2909 1139 2989 quid
1171 2912 1305 2972 κανθοί.

158 3009 247 3071 savit:
272 3009 430 3071 dicendum
450 2996 535 3070 'enim
564 3026 618 3089 pre
645 3010 721 3071 cearli
746 3007 788 3068 ol
809 3007 849 3081 (h.
874 3027 900 3068 e.
924 3002 961 3068 al
983 3006 1153 3089 κανθοὶ)
1177 3004 1306 3090 ἂνμὲν

157 3107 530 3189 luisseeculorummapuli.
556 3109 665 3171 Vereor
680 3127 718 3170 ue
746 3097 818 3167 ὦσι
865 3103 1008 3187 μακροὶ
1058 3109 1305 3189 κακοηθείας

157 3206 360 3287 neglegentiae
373 3207 563 3286 doctissimus
575 3208 619 3268 vir
629 3227 717 3270 accu-
746 3213 911 3286 σημεῖον

157 3306 216 3369 sari
236 3306 301 3386 ipse
322 3305 427 3384 possit.
471 3305 576 3369 Videre
602 3313 719 3386 peterat

157 3404 365 3484 corruptelam.
409 3403 485 3465 Nam
519 3423 558 3466 ne
583 3423 717 3485 premam

156 3503 259 3584 quidue
307 3503 454 3582 expectari
498 3521 552 3583 pre
601 3504 717 3584 quidus-

156 3619 275 3683 οααοοο,
298 3600 521 3663 Gutschmidius
543 3603 640 3679 legere
655 3601 718 3663 ler-

156 3707 235 3762 tasse
266 3698 323 3760 sibi
346 3699 513 3762 videbatur:
548 3700 623 3762 oculi
652 3705 719 3780 pui-

157 3785 266 3878 euapue
288 3796 374 3877 lmepi.
418 3797 505 3860 Nunc
526 3817 596 3862 uero
615 3798 718 3862 insana

156 3895 306 3958 audimus:
339 3895 476 3958 homines
506 3895 615 3977 quibus
641 3898 718 3961 oculi

155 3994 236 4073 lengi
272 4004 344 4056 sunt
385 3995 518 4057 indicant
555 3996 703 4058 maleficos

156 4092 254 4173 Atque
287 4092 347 4154 iam
382 4093 554 4156 delitescere
591 4094 718 4174 amplius

157 4209 261 4253 verum
284 4209 346 4252 nen
368 4192 492 4272 peterit:
517 4191 603 4254 Oculi
617 4192 718 4273 quibes
769 4226 771 4230 >

156 4289 257 4370 capuli
273 4302 342 4352 aum
364 4291 442 4371 ῑοαμ·
455 4293 532 4371 equ)

156 4416 223 4491 Qui
268 4433 455 4478 carnosos
498 4429 516 4478 a
556 4417 716 4481 naribus
742 4413 875 4483 taua’
902 4415 1303 4504 οἷονοῖκτένεςκροῶ-
