2924 5018
623 277 867 340 ὸ-109--

172 450 251 529 quod
280 451 343 512 sine
363 452 458 513 turdis
478 453 540 513 lere
560 469 714 532 nunquam
734 454 863 516 merulae
880 462 1084 515 memorantur
1100 461 1129 515 et
1145 454 1225 533 qued
1240 454 1319 516 inter

171 549 306 611 saxatiles
337 569 439 612 omnes
468 551 550 611 turdi
580 551 755 614 videbantur
781 571 846 613 esse
872 553 1059 633 principales,
1086 553 1122 614 ab
1150 552 1318 614 Halieuticis

170 648 269 709 latinis
296 649 399 711 abesse
424 651 528 712 turdos
555 650 717 712 miraberis.
763 652 855 731 Igitur
884 654 936 732 qni
958 672 984 714 v.
1009 653 1068 714 109
1099 652 1165 714 sine
1195 653 1317 713 nomine

169 747 339 822 attingitur:

270 846 472 907 Tum'viridis
495 848 634 927 squamis,
658 867 746 928 parvo
769 850 896 911 saxatilis
920 867 981 922 ore,
1042 851 1049 862 ’

168 946 250 1006 hunc
264 946 387 1006 turdum
403 954 556 1007 teneamus
583 942 655 1007 κατ’
679 945 794 1027 ἐξοχὴν
817 949 977 1020 saxatilem,
1000 948 1090 1010 veluti
1111 948 1198 1010 etiam
1215 947 1316 1026 phycis

167 1061 279 1104 nomen
295 1044 326 1104 in
338 1063 363 1104 r.
380 1043 516 1106 tannen
533 1045 681 1107 omittitur
697 1047 754 1107 nisi
772 1049 851 1126 qnod
867 1049 954 1127 piscis
971 1047 1043 1108 satis
1060 1067 1095 1108 ex
1110 1047 1172 1125 ipsa
1186 1047 1317 1126 descrip-

166 1143 253 1203 tione
268 1143 516 1221 cognoscebatur3
540 1145 666 1205 eundern
682 1153 781 1206 antem
795 1146 919 1206 viridem
936 1147 1063 1207 colorem
1078 1145 1184 1206 marito
1198 1145 1315 1224 utrique

166 1240 292 1302 consilio
322 1250 408 1321 poeta
425 1242 514 1304 dedit.
554 1243 680 1305 Parvum
707 1244 786 1304 turdi
810 1263 842 1304 os
859 1263 925 1306 esse
942 1245 1040 1305 minus
1056 1242 1150 1303 habeo
1167 1263 1226 1323 qno
1242 1261 1312 1304 con·

166 1339 294 1411 firmem,
321 1341 452 1421 satisque
479 1342 517 1403 sit
543 1342 650 1404 docere
676 1343 768 1404 luisse
793 1344 851 1404 hoc
877 1361 996 1423 quoque
1022 1341 1140 1422 aliquod
1164 1349 1313 1404 certorum

165 1434 343 1518 aquatilium
373 1439 499 1518 insigne,
524 1440 613 1501 veluti
642 1442 735 1502 scaris
761 1460 884 1521 parvum
914 1461 947 1503 os
978 1440 1114 1503 attribuit
1140 1441 1314 1502 Aristoteles

166 1537 286 1614 (Athen.
303 1536 365 1600 319
378 1539 424 1612 E),
451 1533 529 1600 idem
558 1540 659 1618 mugili
686 1548 715 1600 et
741 1541 835 1603 amiae
863 1540 1039 1601 Plutarchus
1067 1539 1109 1599 lle
1133 1539 1244 1600 sollert.
1265 1557 1312 1600 an.

164 1654 192 1714 p.
211 1635 272 1697 977
285 1641 319 1710 Α,
345 1656 413 1698 cnm
433 1635 551 1714 χάνναι
567 1634 855 1719 μεγαλοχάσμονες
875 1637 995 1698 audiant
1010 1638 1088 1716 apud
1105 1637 1313 1717 Epicharmnm

165 1736 283 1810 (Athen.
301 1735 421 1813 atah).
460 1736 503 1798 lta
530 1746 629 1798 antem
658 1738 810 1798 Gesnerus
838 1737 963 1798 Animal.
989 1737 1084 1797 merit.
1111 1755 1140 1814 p.
1159 1735 1214 1796 25:
1247 1747 1313 1809 „est

164 1833 253 1893 etiarn
280 1834 310 1894 in
337 1835 494 1896 turdorum
522 1854 631 1913 genere
660 1835 804 1909 (decimus
820 1835 1008 1909 Rondeletio)
1029 1835 1130 1896 viridis
1147 1835 1267 1914 quidam
1284 1845 1313 1895 et

164 1936 255 2009 parvo
272 1937 353 1994 ore“.
390 1933 541 2012 Oppianus
564 1934 694 1994 merulas
720 1933 789 1995 alibi
804 1934 923 2014 quidem
940 1942 1097 2007 memorat,
1119 1951 1179 1994 non
1195 1952 1312 1993 memo-

162 2038 209 2091 rat
224 2033 255 2092 in
272 2033 419 2111 catalog03
441 2033 544 2094 turdos
560 2032 590 2093 in
606 2033 736 2111 catalogo
754 2033 823 2094 dicit
839 2030 976 2115 ῥαδινάς
992 2033 1004 2094 Ι
1022 2033 1091 2093 126.

249 2130 408 2192 Columella
424 2132 487 2192 Vlll
507 2131 589 2201 thu
617 2149 759 2192 arenosos
787 2132 915 2193 inanime
937 2132 1066 2210 gurgites
1088 2140 1173 2210 aptos
1191 2131 1311 2209 pelagiis

162 2229 293 2308 piscibus
309 2231 378 2291 dicit
392 2231 489 2310 iisque
504 2231 679 2292 adnumerat
695 2240 813 2310 praeter
828 2240 945 2293 auratas
961 2233 1082 2292 dentices
1095 2234 1271 2310 phineesque
1286 2243 1312 2292 et

162 2329 309 2407 indigenas
323 2330 516 2408 nenbrunnen
539 2331 609 2391 item
627 2331 658 2390 in
671 2330 790 2409 pelagiis
806 2339 836 2391 et
859 2330 1006 2392 umbras
1029 2338 1060 2390 et
1082 2328 1310 2409 synodolntas

162 2427 285 2488 Ovidius
301 2428 403 2502 habet3
426 2426 600 2508 πρόςγειος
615 2428 784 2507 synodon
797 2428 947 2489 Aristoteli
959 2426 1309 2507 videbaturp.598hlll‚

161 2527 252 2588 simul
278 2528 310 2587 in
337 2528 414 2588 saris
441 2529 599 2607 arenisqne
626 2529 732 2606 degere
755 2527 1010 2608 Oppian011703
1032 2526 1195 2606 qrrodvero
1215 2526 1309 2587 lulvi

160 2627 369 2705 praedicantur
400 2627 594 2699 0v.v.107‚
629 2626 770 2689 robustos
801 2628 901 2707 potius
931 2627 1084 2706 Oppianus
1115 2628 1240 2699 vocavit,
1277 2633 1308 2686 at

160 2724 354 2804 Epicharmus
381 2720 680 2807 ἐρυθροποικίλους
695 2727 798 2787 Athen.
816 2746 843 2805 p.
861 2725 921 2786 322
934 2725 966 2798 B,
989 2719 1104 2805 λευκὴν
1127 2720 1308 2786 συνόδοντα

160 2822 325 2885 Numenius
347 2824 382 2884 lr.
400 2824 440 2884 lX
473 2819 588 2904 (μέγαν
610 2825 687 2886 idem
714 2825 771 2904 Vl),
805 2823 933 2907 πυρρὸν
955 2823 1132 2885 Philoxenos
1155 2823 1307 2902 Cytherius

159 2923 266 2984 tinen.
282 2923 343 2984 147
354 2923 388 2983 Β.
411 2923 489 2995 Quid
502 2941 569 2984 vero
582 2923 734 2986 hlarcellus
748 2920 871 2984 Sidete?
887 2923 964 3003 apud
976 2941 1063 3002 quern
1075 2923 1200 3001 legimus
1212 2941 1236 2984 v.
1250 2921 1306 2982 29:
1334 3002 1336 3005 ι

260 3020 315 3082 καὶ
338 3022 460 3084 cordat
483 3020 649 3103 μαινῖδες,
673 3016 756 3105 ἀτὰρ
780 3017 871 3094 κύνες
893 3017 955 3104 ἡδὲ
977 3019 1102 3098 λαγωοὶ

260 3117 316 3182 noel
339 3118 425 3203 κριοὶ
450 3117 643 3194 συνόδοντες
668 3119 719 3182 ἰδὲ
749 3120 861 3203 ξιφίαι
886 3122 1026 3202 docetor
1049 3142 1091 3181 cs.

159 3220 325 3282 Nemodum
353 3220 429 3299 quod
454 3219 572 3281 mireris
598 3220 702 3281 vitium
729 3220 828 3281 sensit¹
847 3219 1032 3299 scriptionis3
1062 3212 1252 3300 nescierim
1280 3219 1306 3279 si

159 3317 259 3381 revera
275 3337 327 3398 pro
343 3318 473 3398 piscibus
498 3326 606 3392 essent,
631 3319 815 3398 synodontes
841 3325 875 3378 ut
901 3317 1044 3396 particula
1066 3316 1229 3394 copulativa
1251 3317 1305 3376 ad-

159 3415 369 3497 copulareotur
384 3418 603 3496 efflagitandum
620 3424 713 3492 esset3
735 3424 838 3479 contra
855 3416 927 3476 inv.
944 3415 1001 3476 lb:

259 3515 381 3598 θοῦροί
401 3537 437 3577 τε
460 3514 611 3588 exlatere
631 3537 665 3577 ce
689 3513 744 3576 καὶ
767 3510 892 3596 ἧπανοι
915 3508 1150 3590 ἀγκυλόδοντες

160 3615 263 3678 eadem
290 3612 406 3676 ratione
433 3616 559 3677 efficitur
585 3600 658 3676 non'
673 3614 851 3676 adiectivum
872 3611 998 3694 θοῦροι
1019 3631 1083 3673 esse
1104 3612 1154 3672 sed
1178 3612 1302 3691 piscium

157 3730 270 3775 nornen
296 3714 424 3793 conponi
448 3713 527 3793 quod
553 3713 589 3774 iis
615 3714 709 3792 possit
734 3731 808 3792 qnos
835 3711 934 3772 nescio
961 3709 1013 3771 nbi
1030 3706 1169 3792 ἡσύχοος
1184 3721 1303 3774 vocatos

156 3811 254 3890 legere
276 3813 414 3887 memini3
441 3830 477 3873 an
504 3812 579 3873 forte
606 3813 770 3893 στρουθοί
796 3833 831 3872 τε
858 3806 1008 3881 οιιιοιδετς
1032 3830 1068 3870 τε
1087 3806 1303 3871 scribendum?

157 3913 193 3974 cl.
210 3911 285 3990 infra
312 3930 341 3991 p.
357 3910 426 3972 118.
454 3911 574 3974 Accedit
588 3913 687 3974 autem
703 3912 740 3972 de
756 3911 820 3972 loco
835 3910 919 3989 prins
934 3910 1031 3989 posito
1047 3908 1126 3989 quod
1143 3908 1199 3988 ipsi
1214 3905 1302 3988 κριοὶ

155 4011 253 4090 pisces
273 4011 441 4072 aldarcello
467 4011 625 4072 laudantur
645 4011 678 4071 in
693 4012 719 4070 r.
736 4010 787 4070 tu.
834 4009 998 4088 Scripserat
1023 4007 1084 4068 ille:
1112 4004 1168 4066 καὶ
1195 4002 1301 4086 ιιιῤῥοὶ

156 4104 363 4181 σονόδονοεςε
397 4106 509 4192 κιῤῥόν
532 4110 612 4169 enim
640 4108 711 4188 quid
736 4109 832 4168 visum
859 4107 1052 4185 scriptoribus
1076 4105 1115 4166 sit
1139 4102 1301 4183 hesychius

155 4211 196 4269 ita
211 4208 450 4289 comprehendit:
475 4203 599 4289 κιῤῥόν·
624 4206 751 4290 πυρρὸν
766 4204 912 4288 ἐρυθρὸν
928 4202 1062 4276 ξανθόν.

241 4308 399 4369 Umbrae
426 4324 517 4386 porro
543 4325 618 4386 quae
640 4307 733 4384 magis
754 4305 866 4366 limosis
882 4305 963 4366 vadis
984 4304 1020 4365 ab
1037 4301 1173 4381 Oppiano
1189 4302 1301 4362 adscri-

156 4406 296 4467 bunturl
314 4406 374 4468 106
387 4408 427 4468 ita
449 4416 483 4467 ut
504 4406 592 4467 etiam
610 4406 782 4467 nutriantur
796 4405 869 4478 luto,
886 4423 945 4483 qno
961 4404 1024 4464 iure
1046 4392 1097 4462 liv
1109 4401 1212 4462 entis
1233 4420 1298 4463 cor-
