2924 5018
617 247 852 324 -ss-'

239 436 378 497 Mendum
406 441 493 516 turpe
519 437 551 497 in
580 435 693 510 latinis3
721 432 926 513 nequeenim
955 437 1023 511 post
1050 448 1223 512 pronomen
1248 431 1303 495 do-

156 533 383 595 monstrativum
403 533 457 595 hcc
475 531 606 612 ([ναπιᾶι)
627 533 739 596 adstrui
760 532 907 595 sententia
933 546 1008 611 quae
1026 530 1163 610 sequitur
1183 536 1305 610 poterat
1366 520 1368 524 ⁴

155 632 259 712 copula
288 641 323 693 et.
367 633 471 712 ltaque
493 631 736 693 Hemsterhusius
763 632 799 692 ad
819 630 984 693 Luciannm
1009 628 1076 690 dial.
1104 628 1211 690 marim
1228 627 1304 690 lvd

155 731 259 793 ubido
274 731 382 810 polypo
396 730 504 792 similia
519 739 591 792 suut
607 740 745 793 nostrum
767 732 865 793 locum
881 730 952 791 dum
968 727 1040 790 citat
1052 726 1158 790 vitium
1173 725 1306 809 ridebat,

155 830 309 909 proposito
325 826 425 891 autem
440 847 495 891 suo
511 847 574 889 nou
588 829 721 892 sustulit:
748 831 793 891 Ut
811 830 867 892 sub
887 830 951 906 lege
970 828 1026 890 loci
1045 835 1154 890 sumat
1173 833 1307 889 mutet-

123 920 125 924 ’
156 946 215 1008 que
235 927 373 989 colorem.
414 927 475 989 lam
494 925 599 988 falsum
623 927 688 989 dieo
704 927 792 990 etiam
807 929 859 989 soh
882 928 1035 1008 tepebat,
1058 925 1308 1007 quodllauptius

159 1028 261 1106 (praef.
280 1044 310 1106 p.
331 1024 410 1099 Xlll)
435 1024 583 1104 peculiare
610 1025 683 1087 dixit
705 1025 817 1087 Ouidio.
869 1027 990 1089 Ovidius
1020 1025 1099 1089 enim
1129 1024 1235 1105 potius
1266 1025 1310 1088 ita

157 1127 256 1186 hmor.
271 1125 311 1185 lll
327 1125 357 1195 2,
372 1124 428 1184 20:

257 1253 392 1315 Haecin
415 1253 493 1332 lege
515 1252 586 1313 loci
606 1253 759 1314 commoda
783 1253 878 1316 circus
900 1253 998 1316 habet.
1103 1323 1110 1331 ,

159 1393 189 1445 et
210 1382 289 1445 Artis
311 1385 376 1445 hm.
393 1383 406 1443 l
422 1383 483 1444 142
498 1382 563 1444 sine
578 1382 814 1462 praepositione:

259 1514 344 1586 Quod
365 1512 420 1575 tibi
443 1512 591 1591 tangenda
610 1520 655 1573 est
677 1512 755 1590 lege
777 1512 872 1592 pucha
895 1512 975 1574 loci.

156 1642 215 1704 Sub
241 1651 320 1704 recte
347 1641 413 1703 addi
438 1659 500 1702 non
527 1641 628 1716 credo;
653 1659 753 1722 neque
780 1641 860 1701 enim
890 1639 1071 1720 pertinuisse
1097 1639 1217 1702 videtur
1247 1640 1312 1703 nisi

158 1743 194 1803 ad
211 1743 354 1803 clausulas
370 1741 442 1803 tales
459 1740 553 1801 velut:
580 1740 631 1800 soh
648 1739 705 1820 lepe
724 1757 769 1817 oe,
787 1740 839 1800 soh
863 1739 1020 1800 conditione
1041 1749 1082 1810 ot,
1103 1739 1156 1800 sub
1177 1756 1212 1800 ea
1235 1746 1312 1801 con-

158 1841 262 1902 ditione
294 1858 346 1911 oe,
380 1839 430 1900 sch
463 1840 623 1916 susceptione
655 1841 695 1908 si,
727 1837 799 1898 item
832 1838 883 1898 sub
912 1853 1008 1916 poena
1035 1841 1133 1898 mortis
1159 1836 1306 1916 (Suet‘oh,

157 1938 243 2016 Calig.
261 1937 324 2017 48).
355 1936 507 1998 Genitivus
527 1936 583 1996 loci
601 1935 638 1996 ad
659 1935 746 1996 talem
769 1935 929 2022 clausulam
945 1936 997 2015 qui
1013 1935 1225 2015 addipotuerit
1238 1952 1311 1998 non

156 2037 251 2096 video.
276 2035 377 2111 ¹Bene
392 2041 490 2096 autem
518 2033 574 2093 erit
599 2033 625 2094 si
651 2034 731 2094 color
753 2053 844 2114 quam
866 2034 904 2095 oh
927 2052 1045 2096 oausam
1061 2039 1196 2095 mutetur
1218 2033 1310 2096 addi-

157 2135 301 2207 derimus3
324 2132 513 2213 nequeenim
529 2150 647 2212 semper
668 2133 718 2206 fit3
740 2133 820 2195 unde
842 2133 902 2193 hue
924 2151 978 2212 ego
1002 2133 1122 2213 quidem
1145 2129 1284 2195 deferor:

257 2266 385 2344 Polypus
408 2263 510 2324 haeret
533 2269 563 2322 et
583 2263 638 2323 hac
660 2262 751 2325 eludit
772 2262 846 2324 retia
868 2262 987 2323 fraude:

257 2365 417 2424 Pressus
440 2361 503 2438 lege
526 2360 582 2422 loci
605 2361 697 2423 sumit
720 2367 874 2440 mutatque
897 2358 1038 2434 colorem,

156 2513 214 2573 hoc
229 2519 288 2571 est:
304 2509 329 2571 si
344 2507 379 2570 ah
395 2507 481 2569 hoste
496 2507 651 2587 premitur.
679 2508 759 2580 Quae
770 2510 796 2570 si
808 2526 864 2589 qua
878 2514 923 2568 est
933 2507 1081 2569 sermonis
1093 2507 1217 2570 durities
1232 2526 1307 2588 pro-

156 2609 219 2688 pria
235 2616 336 2669 tamen
352 2625 385 2666 ea
400 2605 487 2667 huius
502 2612 608 2686 poetae
630 2614 684 2667 est.
724 2608 823 2688 Atque
845 2629 883 2670 ne
906 2628 988 2672 nunc
1007 2609 1130 2689 quidem
1149 2609 1308 2689 explanata

157 2707 269 2768 onmia:
299 2722 407 2783 nempe
429 2703 533 2765 fraude
559 2703 614 2764 ista
640 2705 747 2766 coloris
770 2706 865 2769 hostis
889 2708 1008 2788 quidem
1031 2707 1191 2769 eludentur
1212 2707 1305 2783 oculi,

158 2806 296 2865 atrocia
313 2803 451 2874 minime,
474 2821 571 2882 neque
585 2803 651 2864 ideo
666 2803 807 2866 nimirum
824 2806 897 2866 retia
913 2806 993 2868 eludi
1006 2805 1192 2887 reliquorum
1207 2806 1306 2886 scrip-

157 2910 258 2963 torum
278 2901 436 2980 quisquam
456 2901 606 2963 tradebat:
635 2911 665 2964 at
687 2903 862 2966 eludebatur
875 2914 995 2984 praeter
1009 2905 1161 2972 hominem
1176 2904 1306 2987 piscium

158 3018 277 3080 quoque
292 3000 429 3063 incursus
444 3001 525 3062 velut
541 3018 744 3063 murenarum.
782 3001 916 3064 Concidit
931 3021 998 3065 ecoe
1015 3003 1102 3067 etiam
1118 3006 1192 3066 retia
1205 2991 1305 3065 lectio.

158 3096 258 3173 Quid?
285 3099 310 3159 si
330 3098 484 3160 solemnia
499 3099 531 3160 in
547 3097 603 3161 hoo
618 3099 750 3162 carmine
764 3100 840 3163 retia
855 3099 911 3163 sibi
926 3101 1063 3165 invenire
1077 3101 1109 3163 in
1123 3100 1169 3161 his
1189 3100 1305 3165 scribae

157 3196 346 3258 videbantur:
384 3196 506 3277 Polypus
533 3199 630 3261 haeret
661 3208 688 3260 et
714 3198 767 3260 heo
799 3199 887 3260 eludit
915 3200 1023 3279 praeha
1052 3197 1183 3279 froude?
1223 3201 1305 3263 velut

158 3294 271 3356 eludere
285 3296 389 3369 hastas,
412 3296 499 3357 telum
511 3296 615 3371 similia
632 3295 778 3359 dicebant.
805 3297 978 3359 Rationisne
993 3298 1124 3360 suasioni
1142 3292 1305 3361 oboediesi

242 3394 383 3475 Adicitur¹
397 3402 495 3457 autem
517 3395 607 3457 etiam
628 3396 719 3457 altera
740 3396 821 3457 fraus
836 3415 893 3475 qua
915 3397 1041 3478 polypus
1055 3395 1176 3459 insidias
1192 3396 1303 3470 eludat,

161 3492 325 3572 etquidem
341 3512 373 3556 ea
389 3494 415 3556 si
427 3493 517 3556 hamo
534 3501 637 3574 captus
652 3493 707 3554 sit:

660 3633 758 3712 Atque
779 3632 831 3693 uhi
852 3633 990 3712 praedam

260 3728 445 3790 Pendentem
468 3729 540 3790 setis
563 3729 665 3790 avidus
688 3730 775 3811 rapit,
798 3730 847 3792 hic
869 3750 987 3813 quoque
1009 3731 1090 3804 fallit,

257 3825 342 3887 Elato
365 3826 476 3887 calamo
499 3844 567 3887 oum
591 3827 711 3888 demum
734 3847 868 3890 emersus
890 3829 923 3890 in
945 3846 1031 3909 auras

258 3923 380 3986 Brachia
403 3923 533 3986 dissolvit
554 3925 784 4006 populatumque
807 3927 907 4007 expuit
929 3926 1061 3990 hamum.

159 4074 223 4135 Hoc
241 4072 361 4134 Ovidius
386 4072 467 4134 solus
494 4092 529 4134 ex
555 4074 705 4137 communi
725 4083 846 4139 auctore
867 4075 1032 4156 descripsit,
1058 4075 1226 4139 describere
1247 4094 1306 4141 nso

160 4170 315 4232 Plutarcho
338 4187 435 4250 neque
458 4170 590 4253 Oppiano
613 4172 731 4253 placuit.

244 4269 327 4329 Haud
349 4267 434 4332 ahter
456 4271 493 4332 de
514 4288 638 4334 murena
654 4290 713 4334 una
729 4269 864 4350 Oppiano
886 4271 1107 4339 narratiuncula
1129 4271 1305 4337 satisfacere

160 4365 314 4427 videbatur
329 4367 487 4448 emisitque
502 4370 579 4433 hano
594 4388 683 4449 quam
698 4369 788 4430 latine
802 4369 944 4450 scriptam
960 4370 1083 4450 legimus
1099 4390 1126 4432 v.
1142 4369 1198 4433 43:
