2924 5018
605 220 850 283 -196-

157 398 301 461 mentiae:
337 398 450 461 scilicet
472 398 586 460 domem
607 415 673 459 cum
696 404 742 458 ter
769 397 800 457 in
828 394 903 456 libro
926 393 1021 473 primo
1044 391 1183 473 legerim,
1218 391 1319 453 semel

157 498 189 559 in
212 506 317 579 quarto
339 497 388 576 (lv
408 498 455 570 13,
474 498 536 572 17),
564 507 663 559 tamen
693 496 724 556 in
754 494 886 556 secundo
908 491 1019 554 frustra
1041 490 1179 571 requiro,
1211 508 1317 570 neque

157 597 250 677 ipsam
274 595 452 659 dementiam
476 596 533 657 nisi
560 595 590 656 in
613 595 710 676 primo
732 593 942 656 animadverto.
987 591 1083 670 Atque
1107 589 1204 651 etiam
1228 588 1317 650 valde

159 714 262 759 vereor
294 715 333 758 ne
365 696 489 776 insuper
515 695 632 758 accedat
656 713 757 756 versus
780 693 816 754 lv
839 692 869 765 3,
893 693 922 752 7.
967 689 1052 764 Quod
1076 689 1161 750 enim
1187 689 1314 750 solitum

159 804 204 858 est
226 796 342 876 placere
365 793 540 857 lectoribus:

259 940 332 1013 Quis
354 939 437 1002 lnror
459 946 514 1011 est,
536 957 613 1020 quae
635 956 730 1008 mens,
753 939 861 999 densos
884 936 1022 1015 indagine
1044 935 1133 996 colles

301 1039 492 1101 claudentem
517 1046 634 1101 teneras
658 1039 773 1100 laedere
795 1037 868 1098 velle
895 1054 1000 1098 manus

157 1195 234 1248 stare
266 1204 355 1266 posse
388 1185 458 1247 illud
492 1203 564 1267 qnce
585 1204 664 1247 mens
690 1201 751 1246 non
783 1185 853 1246 satis
882 1182 955 1245 mibi
981 1192 1202 1263 persuaserunt
1225 1198 1312 1243 corn-

159 1286 370 1347 mentariornm
399 1284 572 1365 scriptores,
607 1285 735 1364 primum
766 1284 846 1345 enim
877 1282 956 1363 quod
980 1280 1101 1362 Vulpius
1124 1280 1315 1361 comparavit

159 1383 261 1446 Catulli
280 1383 386 1455 15,14
418 1382 503 1456 and
529 1387 556 1444 ετ·
581 1391 607 1446 te
634 1384 712 1445 mclc
739 1402 819 1444 ττττττε
850 1384 991 1462 [aaronque
1024 1397 1135 1450 ccccm,
1171 1396 1309 1459 quocum

159 1483 317 1563 coniungas
339 1482 447 1562 Vergili
470 1483 543 1544 Aen.
566 1482 589 1543 ll
613 1481 676 1542 519
699 1484 780 1557 Qacce
801 1502 880 1544 mem
901 1493 961 1543 tom
984 1477 1073 1542 dnn?
1101 1479 1165 1541 dari
1188 1478 1313 1541 Tibullo

159 1602 278 1664 quoqne
303 1581 427 1645 debebat
450 1600 522 1663 qnae
543 1582 621 1643 melu
642 1601 721 1644 mem
748 1583 792 1642 vel
821 1600 893 1662 qnae
919 1571 1116 1642 ments'nnlln
1162 1578 1312 1640 Horatius

160 1690 259 1744 autem
282 1682 377 1743 Carm.
393 1682 405 1742 l
423 1682 472 1756 15,
488 1678 529 1740 22
553 1699 692 1761 compesce
714 1692 834 1743 onmem
857 1697 918 1741 non
941 1678 1110 1758 scripsisset
1133 1677 1193 1739 nisi
1220 1696 1310 1739 men·

159 1789 220 1843 tem
250 1780 362 1861 puellae
395 1780 568 1841 iracundam
594 1799 660 1841 esse
682 1779 734 1858 (ci.
752 1799 779 1841 v.
796 1778 828 1859 6)
857 1778 987 1840 carmine
1016 1786 1079 1839 toto
1107 1776 1311 1839 decantasset.

159 1879 293 1959 Denique
323 1878 402 1959 quod
431 1879 507 1959 apud
538 1879 685 1940 Nasonem
708 1878 777 1938 Met.
793 1879 816 1939 V
834 1879 873 1938 14
896 1878 1030 1958 Cepheus
1059 1875 1213 1956 compellit
1236 1874 1311 1936 Pbi·

160 1996 251 2039 nenm
276 1976 357 2049 Ωιταε
379 1987 412 2048 tc,
433 1995 577 2056 permane,
598 1978 744 2056 serentem
759 1976 838 2038 Mem
860 1980 917 2057 cpit
937 1980 967 2038 τ’ττ
988 1972 1128 2055 sumtus?
1151 1974 1234 2037 idem
1252 1974 1311 2036 boc

160 2096 227 2138 esse
260 2084 348 2156 atque
381 2076 472 2156 „qnid
502 2075 609 2154 cogitas
639 2075 739 2137 furore
765 2081 838 2137 tuo“
872 2076 1118 2156 interrogationes
1147 2092 1225 2155 qnae
1261 2073 1311 2134 in·

161 2184 329 2254 sequnntur
361 2176 431 2237 satis
465 2174 629 2251 declarant3
663 2183 767 2237 nostro
798 2174 862 2236 loco
893 2176 1050 2237 tolerarem
1079 2173 1200 2257 quidem
1226 2173 1311 2247 Qum

160 2294 248 2348 mens,
264 2278 325 2356 qm's
338 2276 426 2353 seror
440 2271 505 2337 est?
527 2274 611 2355 quasi
627 2293 659 2334 se
675 2274 737 2354 ipse
753 2274 901 2352 corrigere
917 2274 1044 2355 scriptor
1059 2274 1154 2335 vellet.
1185 2272 1310 2334 Tradita

161 2374 254 2435 furori
278 2392 365 2453 quam
383 2373 475 2435 menti
492 2371 633 2435 viciniora
656 2391 721 2434 esse
744 2372 856 2447 senti03
879 2373 986 2454 quippe
1001 2372 1117 2452 roganti
1132 2377 1196 2453 qm's
1218 2372 1311 2452 [mor

162 2469 224 2534 est?
252 2472 452 2552 respondebo:
478 2471 580 2545 „furor
595 2477 750 2551 magnus“,
773 2479 802 2532 at
825 2471 934 2533 iterum
957 2491 1028 2553 qnae
1050 2468 1152 2533 mermi
1175 2470 1310 2550 roganti:

164 2571 293 2645 „furiosa
316 2570 443 2647 scilicet3
474 2590 511 2632 an
539 2575 672 2633 turonem
704 2570 793 2632 modo
823 2589 961 2650 magnum
989 2570 1097 2633 frustra
1124 2566 1311 2632 diximus?“

162 2672 263 2751 ltaque
293 2670 364 2731 dum
398 2671 542 2732 benevolo
575 2679 679 2750 poetae
712 2670 810 2748 legere
843 2669 997 2732 consuevi:
1033 2670 1105 2744 Quis
1135 2669 1226 2750 sanor
1259 2679 1311 2740 est,

163 2770 289 2839 demens,
318 2767 441 2831 ducibus
470 2768 588 2849 quidem
611 2768 710 2831 Douza
732 2775 821 2849 atque
843 2767 1037 2832 Broukhusio.
1082 2768 1184 2832 Unum
1205 2774 1313 2831 tamen

162 2868 260 2931 locum
283 2867 466 2947 reliquimus,
489 2867 591 2929 llorati
613 2867 705 2949 Epist.
722 2868 734 2928 l
749 2866 781 2942 2,
796 2869 854 2930 60:

478 3058 491 3085 ,
564 3010 621 3084 Qui
644 3030 705 3074 non
729 3013 928 3077 moderabitur
949 3013 1019 3086 irae,

263 3107 408 3172 lnlectum
432 3108 510 3171 volet
532 3128 607 3183 esse,
630 3110 715 3174 dolor
737 3111 817 3192 quod
838 3112 966 3176 suaserit
987 3123 1016 3176 et
1039 3131 1133 3187 mens,

262 3209 339 3271 llum
362 3225 472 3290 poenas
495 3208 562 3272 odio
584 3208 718 3290 pervim
741 3210 863 3275 festinat
883 3212 989 3276 inulto.

263 3307 308 3370 lra
330 3308 413 3371 furor
435 3308 531 3371 brevis
554 3316 610 3370 est.
654 3309 795 3372 Animum
818 3329 897 3391 rege.

163 3483 251 3545 quem
279 3465 337 3528 iam
370 3466 464 3529 errori
485 3467 673 3548 perapposite
704 3467 873 3548 eripiemus.
925 3468 998 3533 Nam
1029 3477 1058 3531 et
1089 3476 1223 3531 mentem
1253 3488 1311 3551 pro

164 3563 263 3626 lurore
286 3574 315 3625 et
338 3564 471 3628 dolorem
495 3583 548 3646 pro
571 3566 633 3646 ipsa
655 3566 697 3628 ira
721 3566 854 3647 accipere
869 3568 998 3632 editores
1014 3568 1192 3632 clarissimos
1207 3568 1307 3644 video,

165 3663 243 3743 quod
260 3670 422 3743 utrumque
437 3671 517 3727 recte
534 3665 643 3726 babere
660 3665 777 3744 dnbit'03
800 3684 922 3730 necesse
938 3676 983 3731 est
994 3667 1074 3731 enim
1086 3668 1264 3749 scriptorem
1278 3669 1311 3730 in

166 3779 222 3822 una
245 3762 405 3842 eademque
435 3763 633 3842 disputatione
656 3764 733 3826 vocis
762 3768 851 3829 unius
881 3786 970 3829 unam
993 3776 1110 3831 tantum
1132 3776 1311 3850 certamque

164 3860 408 3940 significationem
442 3880 571 3924 servare:
605 3862 703 3949 itaque
734 3864 818 3928 dolor
850 3866 921 3948 quid
950 3877 1028 3929 esset
1051 3885 1139 3931 versu
1155 3866 1195 3930 55
1218 3876 1310 3948 poeta

165 3958 316 4032 stabilivit,
351 3960 459 4041 qnippe
492 3978 553 4023 non
585 3962 628 4024 ira
655 3963 733 4045 ipsa,
767 3964 819 4027 sed
851 3966 913 4028 irae
940 3968 1038 4048 potius
1065 3967 1161 4031 exitus
1189 3968 1310 4048 quodve

166 4075 280 4140 poenae
314 4059 374 4123 vice
408 4059 550 4141 iungitur.
600 4062 693 4126 Porro
728 4065 859 4147 pessimo
892 4066 1032 4129 Horatius
1059 4084 1198 4131 sermone
1230 4085 1310 4132 usus

166 4167 254 4231 esset,
283 4158 318 4232 si,
351 4177 418 4220 oum
448 4170 478 4224 et
499 4181 526 4222 v.
544 4160 585 4220 59
607 4161 638 4222 in
660 4165 770 4243 protasi
800 4172 830 4226 et
852 4183 878 4226 v.
895 4163 935 4226 62
962 4165 993 4227 in
1016 4166 1208 4230 conclusione
1229 4165 1310 4230 iram

166 4267 300 4338 poneret,
327 4258 386 4319 iam
415 4261 512 4322 medio
540 4260 604 4322 loco
627 4280 688 4323 non
709 4263 882 4345 simpliciter
902 4263 1067 4346 scripsisset
1088 4266 1164 4348 qnod
1183 4273 1312 4334 semem

166 4390 208 4401 -
229 4358 340 4419 scilicet
373 4357 447 4418 iram
480 4379 544 4422 esse
577 4380 652 4441 quae
679 4362 814 4425 suaderet
842 4364 886 4425 rel
920 4363 990 4445 lippi
1013 4365 1155 4429 vidissent
1176 4400 1228 4442 —,
1252 4370 1310 4432 sed
