2924 5018
603 273 844 337 -185-

157 450 213 512 luit
235 484 286 524 ——,
318 450 343 527 is
377 458 488 512 tamen.
504 450 542 511 de
568 466 684 511 summa
719 449 791 511 mihi
824 449 970 510 sententia
1007 468 1082 530 quae
1107 451 1144 512 ad
1176 459 1294 531 tempus

156 549 286 631 pertinet
313 549 402 610 etiam
435 548 613 629 propensius
646 548 823 629 suffragetur
850 566 974 610 necesse
991 548 1067 610 erit.
1117 542 1215 630 Atque
1248 551 1295 612 bic

157 649 276 711 tandem
300 666 408 710 ancora
429 647 532 710 iacitor
555 647 636 709 navis
659 646 820 723 consistito.
858 648 921 710 lam
944 648 994 710 diu
1015 648 1096 711 enim
1118 649 1293 712 inclamatus

158 749 231 811 mihi
253 749 370 810 videor:

257 861 442 942 Torquemur
464 860 565 922 miseri
586 860 618 922 in
639 858 734 940 parvis
756 858 939 940 terimurque
960 860 1060 923 labore

221 986 224 991 ’
257 960 431 1022 Scrutamur
452 959 543 1022 rimas
564 959 728 1021 evertimus
751 976 841 1021 omne
863 959 1053 1040 profundum.

574 1169 601 1283 J
703 1203 753 1267 xr.

241 1346 319 1407 Loco
353 1344 523 1426 appendicis
555 1363 618 1406 rem
641 1344 804 1417 ¹metricam
828 1345 933 1426 qualis
948 1392 951 1399 .
966 1353 996 1408 et
1026 1347 1060 1409 iu
1092 1347 1196 1408 Ovidio
1230 1348 1296 1428 ipso

157 1452 187 1506 et
211 1443 241 1505 in
264 1443 433 1508 Halieutieis
456 1443 550 1506 valeat
571 1449 727 1506 tractatam
749 1462 765 1506 a
788 1462 836 1506 me
858 1445 902 1506 td
926 1445 994 1515 hist.
1010 1445 1077 1507 hex.
1093 1447 1141 1508 lat.
1157 1464 1186 1526 p.
1203 1447 1243 1508 53
1252 1465 1296 1526 sq.

157 1544 300 1605 hocloco
323 1541 497 1606 retractabo.
536 1543 623 1616 Quod
646 1543 725 1605 enim
747 1544 935 1605 hexametros
958 1553 1002 1607 tot
1024 1545 1161 1607 millenos
1182 1546 1215 1607 in
1238 1545 1296 1606 cal-

158 1643 223 1706 culo
250 1652 322 1704 tuuc
348 1661 452 1705 omnes
479 1658 590 1723 ponere
617 1660 678 1703 non
703 1641 841 1716 licuerat,
869 1661 950 1705 nune
976 1643 1065 1706 licuit.
1111 1645 1296 1706 Calculorum

158 1752 258 1804 autem
295 1741 413 1802 numeri
446 1761 461 1803 a
495 1740 684 1804 sermonibus
718 1741 883 1803 numerosis
906 1741 1024 1804 alienati
1047 1751 1078 1804 ut
1099 1740 1191 1803 libelli
1219 1742 1297 1804 illius

157 1841 330 1904 brevitatem
352 1841 440 1902 etiam
463 1839 511 1902 hic
532 1840 702 1902 affectemus
718 1839 904 1921 persuadent
950 1839 1083 1920 Zingerle
1112 1840 1192 1903 enirn
1216 1843 1302 1921 quod*

158 1960 206 2002 me
228 1939 286 2002 illic
308 1938 421 2001 duabus
444 1939 652 2001 tantummodo
674 1956 762 2001 usum
778 1957 844 2001 esse
858 1938 973 2019 paginis
989 1939 1102 2020 paginis
1122 1957 1182 2001 uon
1198 1939 1297 2002 minus

157 2038 252 2102 tribus
278 2046 416 2118 gravatur
438 2038 469 2119 (l.
493 2039 511 2099 l.
534 2058 562 2118 p.
589 2038 657 2099 114.
681 2037 751 2100 126.
775 2037 864 2119 120),
891 2039 950 2100 iam
978 2039 1080 2102 decem
1109 2058 1185 2120 quae
1211 2056 1296 2119 prae-

158 2138 225 2201 misi
258 2137 402 2217 capitibus
434 2137 604 2218 placabitur.
650 2137 753 2218 Neque
786 2137 825 2198 ita
858 2157 921 2199 rem
954 2156 1051 2200 meam
1074 2138 1241 2200 distendam
1265 2147 1297 2199 ut

157 2237 287 2318 prolixae
322 2236 375 2297 viri
408 2237 485 2299 docti
508 2236 701 2317 disputationi
724 2236 935 2316 pedetemptim
959 2237 1119 2317 obsequar,
1152 2238 1296 2299 calculum

158 2336 238 2398 enim
261 2353 362 2397 meum
387 2336 474 2398 modo
496 2330 666 2415 inspexerit,
689 2326 852 2398 aut'nimis
874 2354 928 2415 ego
950 2337 1036 2397 fallor
1057 2327 1107 2398 aut
1129 2355 1242 2398 errasse
1263 2356 1296 2398 se
1336 2363 1338 2366 ·

157 2435 228 2498 satis
244 2436 406 2497 docebitur.
435 2435 499 2497 Hoc
516 2452 609 2496 unum
625 2443 727 2496 contra
743 2433 854 2506 dicam3
875 2435 986 2497 iniuste
1001 2435 1080 2496 enim
1096 2435 1173 2498 idem
1189 2455 1218 2516 p.
1237 2433 1296 2496 123

157 2543 331 2613 argumenta
352 2553 401 2595 me
425 2553 487 2595 mea
511 2533 600 2595 etiam
631 2533 786 2613 infregisse
809 2533 942 2614 adposita
965 2554 1036 2596 voce
1057 2537 1116 2595 nisi
1134 2534 1227 2615 [ullor
1248 2552 1296 2595 ar-

157 2631 236 2712 guit3
268 2651 357 2712 quam
380 2630 431 2693 ubi
463 2631 550 2712 posui
572 2632 609 2694 de
634 2632 800 2694 Halieutieis
823 2651 869 2694 res
891 2651 954 2694 non
977 2641 1053 2707 erat3
1087 2634 1138 2695 sed
1161 2633 1246 2713 plana
1268 2642 1297 2694 et

157 2733 269 2810 integra
294 2728 414 2791 metrica
435 2738 608 2809 argumenta
631 2730 771 2792 coniunxi
794 2747 856 2792 non
878 2731 978 2792 minus
1001 2732 1112 2792 decem.
1158 2731 1297 2793 Graviora

159 2842 258 2893 tamen
291 2848 306 2890 a
340 2829 498 2891 levioribus
532 2829 711 2908 distinguere
744 2829 914 2910 supersedi,
950 2831 1049 2911 itaque
1077 2850 1181 2892 eorum
1204 2847 1297 2892 unum

156 2930 234 2992 iufra
255 2929 396 2991 incertius
413 2948 478 2991 esse
494 2928 598 3000 dicam,
619 2938 772 3009 praeterea
795 2929 854 2990 duo
876 2949 951 3010 quae
973 2939 1047 2991 tunc
1062 2929 1177 2992 calculis
1193 2949 1295 3011 parum

157 3028 262 3108 amplis
278 3027 448 3089 nitebantur
462 3045 544 3089 rrunc
559 3045 687 3106 sepono:
711 3045 839 3108 quorum
862 3028 988 3090 alterum
1013 3028 1049 3090 de
1071 3027 1219 3109 positione
1241 3048 1298 3091 no-

158 3126 275 3188 minum
296 3127 425 3189 duornm
449 3134 494 3188 est
528 3127 559 3189 in
593 3127 651 3188 line
684 3126 839 3206 utriusque
868 3127 1049 3191 hemistichii
1083 3129 1162 3191 inter
1194 3150 1226 3191 se
1248 3149 1298 3192 re-

156 3227 368 3306 spondentium
392 3244 468 3307 quae
492 3234 523 3286 nt
548 3226 580 3286 in
593 3209 771 3289 ⁸Halieutieis
796 3227 924 3289 occurrit
945 3226 1069 3308 spissior
1091 3230 1196 3302 (semel
1219 3229 1298 3291 inter

157 3325 287 3406 quinque
308 3324 425 3405 metra),
447 3324 487 3385 ita
509 3319 610 3386 tamen
632 3343 647 3386 a
671 3324 771 3386 mobili
786 3327 952 3403 argumenti
967 3326 1076 3406 poetici
1098 3335 1203 3390 natura
1225 3328 1297 3390 adeo

157 3425 276 3503 pendet,
299 3432 333 3485 ut
356 3424 403 3486 hie
423 3424 482 3485 illie
498 3423 618 3484 Ovidius
634 3443 752 3504 quoque
767 3425 803 3486 ad
818 3424 1016 3504 frequentiam
1032 3426 1155 3487 eandem
1172 3428 1298 3489 descen-

157 3523 249 3594 derit3
282 3525 407 3585 alterum
441 3532 486 3584 est
516 3523 553 3584 de
575 3541 696 3585 caesura
718 3530 787 3604 post
809 3525 980 3586 trochaeum
1005 3533 1144 3605 quartum
1167 3545 1242 3606 quae
1265 3535 1298 3588 nt

157 3623 245 3685 nimis
258 3643 324 3685 raro
335 3625 368 3685 in
377 3622 545 3684 Halieutieis
557 3622 664 3701 legitur
675 3620 779 3700 (semel
792 3623 869 3685 inter
881 3623 921 3684 37
933 3622 1133 3704 hexametros)
1145 3625 1186 3687 ita
1197 3631 1298 3688 tamen

158 3742 194 3784 ne
210 3723 242 3784 in
256 3722 359 3783 Ovidio
375 3720 492 3802 quidem
509 3740 570 3782 non
585 3739 733 3783 rarescere
749 3721 796 3783 hic
811 3722 869 3784 illie
885 3722 943 3783 visa
960 3730 1014 3784 est.
1047 3723 1214 3803 Supersunt
1229 3744 1298 3787 vero

157 3821 377 3883 ohservationes
401 3821 524 3882 omnino
546 3837 608 3881 non
623 3819 777 3900 ambiguae
792 3829 916 3902 septem.
949 3821 1063 3896 Quibus
1080 3822 1219 3902 equidem
1237 3841 1298 3884 non

156 3921 267 3982 frustra
283 3920 500 4000 obtemperavi,
521 3930 611 4000 atque
627 3921 699 3982 haec
714 3910 779 3982 mea
795 3940 884 4000 quam
899 3939 952 4001 per
966 3929 1063 3982 toturn
1082 3921 1190 3983 librum
1205 3921 1298 3983 istum

159 4022 234 4081 traxi
257 4018 416 4098 disputatio
450 4020 518 4080 licet
552 4020 586 4081 ad
622 4019 796 4082 discendum
831 4038 919 4098 quam
954 4019 988 4081 ad
1016 4021 1183 4082 docendum
1207 4019 1298 4098 magis

157 4118 266 4199 scripta
288 4117 430 4191 videatur,
460 4118 495 4179 ad
519 4135 664 4178 summam
689 4128 789 4179 tamen
812 4119 869 4179 hoc
891 4135 984 4190 unum
1007 4117 1142 4194 docuerit
1163 4117 1298 4179 evicerit-

158 4237 216 4297 qne
239 4236 359 4279 neeesse
388 4226 434 4278 est
462 4215 702 4278 observationum
736 4216 824 4278 fidem
850 4217 896 4277 de
930 4216 1143 4279 consuetudine
1178 4217 1299 4278 metrica

156 4317 358 4379 institutarum
375 4333 522 4379 summam
538 4334 603 4377 esse
626 4322 657 4376 et
678 4314 811 4376 stabilem
833 4325 863 4377 et
885 4315 1089 4395 incorruptam
1112 4324 1144 4376 et·
1165 4333 1299 4378 veracem

158 4417 264 4498 cuique
297 4417 348 4496 qui
381 4434 443 4478 non
475 4421 578 4496 pareat
599 4414 631 4476 in
653 4414 716 4476 luce
739 4414 834 4476 media
857 4415 1007 4477 caecutiat.
1051 4416 1145 4494 Atque
1168 4414 1298 4495 primum
