2924 5018
608 283 855 348 -126-

158 457 283 536 Aeginae
298 457 404 519 Athen.
422 458 525 537 culn)
548 476 616 520 cum
637 459 811 521 traiectione
832 458 991 520 verborum
1013 458 1097 520 omni
1117 459 1208 521 modo
1230 477 1307 538 opus

158 557 195 617 sit
216 574 313 637 nequo
330 557 483 618 Charadra
508 558 629 619 nomine
655 559 755 638 oppidi
778 557 977 637 Epirotarum,
1004 557 1082 636 quod
1110 575 1186 619 sane
1215 575 1308 637 qnam

158 655 309 734 eleganter
324 674 358 715 ex
381 652 538 716 caradrura
540 673 592 736 pua
607 658 753 718 Vahlenus
778 657 854 718 eruit
876 660 988 733 (tamen
1012 655 1197 717 maritimum
1214 655 1308 717 luisse

159 754 295 834 Polybius
310 753 399 818 xxn.
417 753 436 813 9
451 754 535 816 testis
551 771 612 815 non
629 754 697 834 est),
722 773 823 816 versus
846 759 958 816 tractus
973 755 1098 816 omnino
1112 754 1184 834 erigi
1192 757 1307 868 possit.

157 853 294 914 haect
244 862 294 933 pot
296 852 341 912 ius
358 851 429 912 mihi
447 853 662 931 reponenda
636 872 697 914 visa
713 862 799 914 sunt:
864 899 873 910 ..

258 962 389 1024 Omnibu
405 963 460 1024 sub
476 963 583 1043 Clupea
599 972 729 1043 praestat
744 965 869 1026 mustela
886 965 1014 1038 marina,

257 1063 356 1123 liures
372 1068 443 1122 sunt
458 1063 533 1123 leui
548 1080 642 1142 praes,
659 1071 756 1125 ostrea
772 1063 897 1144 plurima
912 1064 1016 1144 Abydi,

258 1159 336 1220 breti
353 1160 430 1239 apud
447 1159 617 1222 Ambraciae
632 1161 720 1236 lines;
743 1161 899 1241 Mitylenae
915 1156 961 1223 est
975 1170 1091 1242 pecten,

257 1257 405 1320 Brundisii
420 1277 522 1338 sargus
538 1258 649 1320 bonus:
666 1260 745 1321 hunc
762 1278 886 1340 magnus
901 1261 926 1320 si
942 1261 999 1321 erit
1014 1278 1110 1321 sume.

159 1388 299 1450 Ceterum
328 1388 439 1451 frustra
466 1388 620 1467 ingenium
641 1398 839 1450 exercuerunt
866 1387 1029 1452 doctissimi
1054 1389 1108 1450 viri
1134 1408 1171 1450 ex
1199 1386 1310 1469 despe-

157 1487 229 1549 ratis
258 1488 315 1548 illis
345 1487 528 1549 melodorum
562 1488 679 1549 tardum
713 1487 910 1568 merulamque
939 1488 1140 1568 umbramque·
1157 1478 1309 1550 marinam

157 1586 231 1648 recti
247 1586 375 1696 aliquam
392 1587 480 1648 metri
501 1587 628 1648 formam
644 1593 678 1647 ut
694 1594 876 1658 excuterent,
903 1605 972 1648 oum
996 1595 1096 1648 tamen
1122 1584 1178 1648 hos
1204 1586 1309 1667 plures

158 1704 260 1746 versus
277 1704 341 1746 esse
356 1683 388 1746 in
404 1684 522 1747 brevius
544 1691 712 1746 contractos
729 1694 886 1765 arguerent
908 1685 1019 1746 omissa
1034 1684 1179 1759 locorum,
1196 1684 1308 1764 quibus

157 1782 253 1862 pisces
269 1782 384 1845 nobiles
400 1782 589 1856 haberentur,
606 1784 723 1846 indicia

242 1883 303 1943 lam
320 1901 387 1944 vero
404 1891 541 1962 utquam
558 1882 729 1944 brevissime
746 1901 959 1963 componamus
974 1900 1093 1961 graecos
1115 1883 1146 1944 in
1161 1898 1195 1944 re
1209 1850 1307 1963 pisca—

158 1980 232 2042 toria
263 1981 313 2059 qui
344 1979 557 2043 elaboraverint
586 1988 704 2060 praeter
729 1981 952 2044 Archestratum
982 1982 1141 2060 scriptores
1172 1980 1247 2041 hac'c
1276 1976 1306 2071 ill

160 2075 258 2158 primo
288 2077 363 2139 libro
393 2076 710 2158 Deipnosophistarum
737 2081 903 2142 enotavisse
926 2079 1146 2142 Athenaeum
1137 2066 1308 2141 invenimus

159 2197 187 2256 p.
206 2173 291 2236 l‘dB:
326 2169 487 2238 dirarari
512 2172 631 2260 ταύτην
660 2174 729 2261 την
756 2179 894 2261 τέχνην
926 2174 1015 2261 (την
1047 2172 1306 2260 άλιευτικην)

158 2269 328 2357 ἀκριβοῖ
360 2270 486 2356 μάλλον
518 2274 583 2336 τῶν
616 2274 755 2338 τοιαῦτα
790 2278 1045 2359 προηγουμένως
1075 2268 1308 2338 ἐκδεδωκότων

158 2370 373 2457 ποιήματα
400 2366 421 2454 ἢ
449 2371 763 2456 συγγράμματα,
798 2372 1022 2437 Καικίλιον
1049 2371 1133 2453 λέγοι
1155 2364 1308 2458 τδνἍρ·

157 2482 249 2550 γεϊον
276 2470 332 2533 καὶ
362 2467 596 2553 Νουμήνιον
624 2467 682 2535 τδν
705 2464 950 2556 Ἡρακλεώτην,
980 2467 1223 2555 Παγκράτην
1250 2458 1308 2534 τὸν

155 2565 319 2652 Ἀρκάδα,
355 2565 619 2632 Ποσιδιύνιον
641 2567 697 2633 τὸν
723 2572 908 2653 Κορίνθιον
941 2569 997 2632 καὶ
1029 2569 1087 2634 τὸν
1114 2562 1216 2653 δλίγιμ
1240 2566 1307 2652 πρὸ

158 2662 251 2752 ἡμῶν
285 2663 461 2750 γενόμενον
492 2662 719 2731 Ὀππιανὸν
755 2666 813 2733 τὸν
853 2667 983 2736 Κίλικα.
1037 2662 1209 2741 τοσούτοις
1245 2664 1308 2749 γὰρ

159 2763 351 2849 ἐνετύχομεν
373 2762 599 2840 ἐποποιοῖς
623 2757 793 2829 ἁλιευτικὰ
808 2763 1001 2850 γεγραφόσι,
1025 2760 1308 2847 καταλογάδην

158 2863 196 2928 δὲ
225 2867 272 2949 τῷ
294 2863 494 2928 Σελεύκου
516 2865 575 2929 τοῦ
602 2868 755 2948 Ταρσέως
777 2864 832 2927 καὶ
855 2862 1073 2929 Λεωνίδου
1095 2862 1156 2928 τού
1176 2859 1309 2936 Βυζαν··

158 2965 246 3026 aloc..
285 2964 320 3024 ln
349 2964 455 3044 quibus
485 2962 515 3025 id
544 2963 644 3029 statim
675 2971 850 3044 agnoscetur
883 2972 1038 3046 poetarum
1069 2972 1149 3027 certe
1165 2962 1307 3047 ¹positam

158 3063 266 3124 seriem
295 3081 361 3123 esse
387 3062 422 3122 ad
450 3062 593 3124 ordinem
611 3071 795 3144 temporum3
821 3060 1000 3125 Numenium
1017 3081 1087 3134 rero
1102 3058 1308 3125 Heracleoten

158 3170 226 3223 ante
249 3159 427 3223 Nicandrum
452 3160 555 3222 vixisse
569 3160 732 3223 bleinelrius
754 3161 908 3242 occupavit
929 3160 1043 3241 (Exere.
1058 3160 1130 3243 phil.
1145 3158 1161 3234 l,
1172 3181 1201 3241 p.
1218 3159 1307 3242 2sq.;

158 3260 240 3323 Auel.
258 3261 321 3322 crit.
338 3260 384 3321 ad.
400 3261 508 3322 Athen.
521 3280 550 3340 p.
564 3260 667 3339 lisq.);
682 3259 861 3321 Nicandrum
874 3260 996 3345 enim-in
1009 3256 1159 3322 Theriacis
1175 3256 1308 3322 Numani

156 3360 296 3422 Tberiaca
326 3369 371 3422 ter
400 3359 567 3422 imitantem
598 3356 709 3420 scholia
735 3358 867 3439 produnt
892 3360 930 3420 ad
955 3377 981 3420 r.
998 3358 1059 3422 637
1076 3366 1105 3420 et
1120 3356 1182 3419 blll
1197 3366 1229 3420 ct
1244 3356 1306 3419 237

158 3461 237 3538 (apte
253 3457 396 3538 corriges:
420 3454 614 3541 ύπόχλωρρν
628 3454 670 3520 τδ
686 3454 748 3538 μὲν
764 3455 855 3530 ἕλκος
870 3457 1050 3533 κυκλαίνει,
1073 3455 1111 3520 τδ
1126 3454 1166 3518 δέ
1179 3454 1308 3520 πολλὸν

157 3551 339 3639 ἀνέδραμεν
361 3550 506 3619 αὐτόθεν
528 3554 632 3637 oddar)
655 3565 685 3619 et
704 3557 739 3618 ad
755 3554 828 3630 257,
851 3554 902 3619 ubi
924 3557 959 3620 ad
977 3556 1140 3619 Nicandrea
1162 3550 1308 3618 ἄνθεσιν

157 3655 271 3716 εἴσατο
293 3652 417 3733 χαλκοῦ
439 3655 615 3717 adnotatur:
637 3649 800 3737 γράφεται
825 3652 940 3717 δὲκαὶ
963 3651 1115 3717 ἄνθεσι
1139 3646 1307 3737 κάλχης·

157 3747 283 3825 οὕτως
306 3751 374 3813 καὶ
397 3750 509 3834 παρὰ
532 3755 768 3892 Noupprlcp·

394 3876 492 3957 (ao)rd
514 3866 702 3960 permedia)
724 3873 826 3940 eldea
850 3871 908 3939 ἐπ’
927 3872 1006 3958 ίχιύρ

256 3971 394 4059 ηερόεις,
417 3996 474 4037 τοτ
476 3971 545 4038 d'd
568 3996 612 4037 αυ
599 3961 763 4059 μολίβῳ
786 3972 975 4053 ἐναλίγκιον
996 3973 1086 4048 εἶδος

256 4071 344 4158 ἀμφὶ
365 4069 550 4147 διιύδαινεν,
574 4068 716 4156 καλχη
701 4088 787 4137 ισον.

157 4199 226 4263 ἔστι
250 4198 289 4263 δὲ
309 4194 411 4281 κάλχη
435 4193 548 4270 ἄνθος.
587 4199 620 4260 ln
636 4199 744 4278 quibus
760 4197 848 4272 είδος
864 4199 1046 4262 accusativus
1063 4205 1122 4273 est3
1146 4215 1207 4259 non
1229 4194 1307 4259 benc

156 4309 254 4363 autem
283 4299 320 4359 de
345 4298 402 4358 boc
427 4298 491 4358 loco
508 4297 681 4360 bleinelrius.
712 4298 772 4359 lam
797 4316 865 4359 vero
881 4297 1056 4377 scriptorem
1073 4295 1306 4359 Halieuticarum

157 4399 269 4478 quippe
282 4396 420 4458 bieucbis
435 4396 541 4457 medici
562 4396 740 4476 discipulum
756 4395 877 4471 (Athen.
893 4415 921 4475 p.
938 4397 998 4472 bb)
1021 4412 1084 4459 non
1103 4394 1195 4457 alium
1214 4402 1307 4475 atqup

155 4496 369 4558 Theriacorum
396 4514 461 4557 esse
488 4495 575 4557 simul
602 4495 676 4557 dixit
701 4492 884 4568 bleinelrius,
910 4492 1045 4575 beneque
1072 4493 1209 4573 congruit
1234 4510 1308 4554 cum
