2924 5018
609 259 854 323 -105-

157 437 265 519 decimi
287 455 350 498 non
373 437 506 499 ceroitur
528 435 586 497 nisi
609 441 697 515 eaput
720 434 781 507 801,
804 454 907 498 versus
930 446 1029 498 autem
1054 436 1150 516 quinti
1173 446 1203 496 et
1224 436 1302 497 vire-

156 538 225 600 simi
248 555 310 599 non
333 535 391 598 nisi
406 535 536 598 clausula
559 539 590 596 ia
616 553 715 604 01000,
739 535 808 596 inde
824 537 1016 616 archetypum
1033 536 1103 597 olim
1119 534 1303 597 continuisse

155 639 188 699 in
210 635 319 717 pagella
342 651 535 715 unaquaque
557 653 660 696 versus
681 634 742 695 lere
758 633 928 713 quindecim
952 635 1055 696 eadem
1077 635 1303 696 ratiocinatione

156 735 290 813 colligas3
319 752 473 796 sumamus
495 753 636 796 versuum
660 734 819 795 fluctuasse
846 734 924 795 inter
950 735 989 794 14
1012 741 1042 795 et
1066 735 1105 794 15
1129 752 1304 807 0001011000

155 853 312 898 sumamus
334 833 405 895 item
429 833 508 913 quod
532 833 593 894 veri
618 832 803 893 simillimum
838 839 882 892 est
916 832 1069 894 mutilatas
1103 832 1168 893 illos
1201 850 1303 894 versus

155 933 307 995 decimum
330 939 362 992 et
382 930 554 992 vicesimum
577 931 716 1009 quintum
732 931 860 1010 pagellae
875 930 987 1010 primae
1009 930 1189 1010 alteriusque
1212 931 1303 993 luisse

156 1031 280 1093 ultimos
316 1037 346 1091 et
373 1030 409 1091 ad
431 1029 596 1109 marginem
629 1029 801 1091 inferiorem
834 1030 1004 1109 proximos3
1038 1030 1143 1092 tertiae
1174 1030 1304 1111 pagellae

156 1131 281 1193 ultimus
310 1128 413 1190 evadet
436 1149 463 1190 a.
487 1127 537 1202 39,
569 1136 690 1208 quartae
714 1148 740 1188 v.
761 1129 812 1199 54,
836 1129 957 1208 quintae
980 1149 1007 1189 a.
1030 1129 1069 1189 07
1094 1129 1304 1209 (repetebatur

155 1229 235 1291 enim
260 1247 286 1289 v.
307 1227 348 1288 52
376 1235 444 1307 post
466 1245 491 1287 v.
514 1225 577 1305 04),
605 1226 734 1306 denique
758 1246 783 1287 v.
803 1225 841 1288 81
871 1233 969 1288 sextae
995 1227 1209 1306 paenultimus‚
1237 1236 1304 1307 post

155 1346 248 1408 quem
270 1325 418 1390 interiisse
440 1342 535 1386 uuum
559 1343 678 1387 versum
702 1325 816 1404 (sextae
838 1344 907 1387 eum
929 1326 1058 1404 pagellae
1082 1325 1231 1401 ultimum)
1255 1326 1304 1387 in-

155 1426 307 1489 tellectum
324 1432 377 1487 est.
414 1425 476 1486 lam
499 1443 569 1486 vero
592 1425 679 1485 etiam
697 1431 765 1504 post
780 1446 806 1485 v.
823 1423 863 1485 90
880 1425 1050 1486 hexameter
1072 1424 1187 1487 interiit
1211 1443 1303 1500 unus3

155 1526 257 1606 itaque
279 1525 369 1586 etiam
393 1541 497 1585 versus
519 1523 559 1584 90
582 1524 710 1603 pagellae
732 1523 874 1604 septimae
903 1524 941 1584 sit
963 1524 1174 1603 paenultimus.
1217 1525 1303 1588 Vides

156 1624 301 1704 septimae
333 1623 383 1685 isti
415 1639 477 1684 non
509 1621 678 1701 quindecim
711 1631 784 1703 quot
812 1641 865 1702 par
888 1632 950 1683 erat
979 1630 1074 1684 metra
1108 1622 1229 1684 concedi
1252 1623 1302 1683 sed

156 1740 265 1784 novem
287 1728 419 1797 tantum3
440 1721 541 1801 itaque
557 1720 611 1782 hac
632 1722 676 1781 via
700 1730 769 1801 post
784 1741 808 1782 1.
826 1721 867 1782 86
883 1729 934 1782 aut
950 1722 1081 1802 quinque
1105 1729 1156 1784 aut
1178 1741 1230 1783 sex
1251 1721 1304 1782 ab·

156 1827 260 1900 sorpta
285 1828 381 1882 metra
410 1819 671 1899 deprehendimus.
716 1821 745 1881 Si
772 1820 969 1900 perscriptum
996 1838 1100 1899 poema
1127 1820 1160 1881 in
1190 1819 1304 1897 singula

155 1919 261 2000 pagina
294 1919 442 1981 columnis
472 1917 550 1980 binis
583 1918 689 1990 fuerat,
724 1937 810 1981 versu
836 1920 873 1980 10
896 1917 1053 1981 liniebatur
1075 1919 1179 1999 pagiua
1199 1919 1304 1998 prima,

158 2039 183 2081 v.
201 2018 241 2081 30
264 2019 402 2090 secunda,
425 2016 508 2079 007
530 2018 627 2090 tertia,
651 2018 778 2098 denique
801 2017 832 2079 in
855 2025 960 2097 quarta
982 2019 1124 2080 simulet
1147 2018 1184 2080 81
1210 2026 1240 2080 et
1263 2017 1303 2078 90

156 2116 331 2198 paenultimi
346 2115 526 2195 legebantur,
549 2115 645 2178 ultimi
661 2126 760 2179 autem
777 2117 836 2177 duo
852 2116 941 2178 simul
956 2115 1081 2179 abscissi
1104 2126 1185 2180 sunt.
1222 2118 1303 2189 Quae

158 2216 216 2277 nisi
240 2215 365 2276 celerior
381 2213 531 2275 conclusio
547 2214 663 2277 dicetur
683 2214 795 2290 (hiatus
810 2215 938 2287 duorum
953 2232 1094 2277 versuum
1115 2222 1185 2294 post
1200 2235 1225 2276 v.
1245 2215 1303 2275 127

158 2316 213 2376 hac
235 2312 279 2374 via
301 2329 361 2372 non
385 2313 553 2393 explicatur,
576 2313 625 2374 sed
650 2312 748 2392 potius
772 2313 893 2375 ultimus
910 2313 1047 2374 carminis
1065 2332 1166 2375 versus
1182 2314 1303 2376 ultimae

157 2413 289 2496 pagellae
312 2412 433 2472 ultimus
449 2411 541 2472 luisse
558 2411 699 2473 dicendus
716 2412 795 2491 erit),
818 2412 896 2473 nacti
920 2412 980 2473 iam
1003 2431 1109 2474 sumus
1131 2420 1198 2493 post
1219 2433 1246 2472 v.
1262 2413 1303 2473 86
1403 2471 1405 2474 .

157 2511 347 2575 intervallum
369 2510 440 2572 satis
456 2527 598 2589 magnum
614 2530 673 2590 quo
696 2529 772 2589 quae
795 2511 1002 2572 desiderantur
1025 2520 1188 2574 memorata
1210 2511 1303 2586 fuisse

158 2610 323 2674 credamus.
367 2607 567 2688 locipiebatur
589 2608 651 2669 lere
672 2607 728 2669 sie:

259 2727 359 2789 Pisces
383 2725 522 2786 observes
546 2726 617 2804 quid
640 2735 740 2788 ament
763 2746 795 2788 ac
818 2727 894 2788 dona
917 2728 1067 2804 locorum3

158 2851 268 2932 deinde
290 2852 390 2913 statim
412 2850 588 2914 addebatur:

260 2978 337 3038 Num
360 2995 448 3038 mons
471 2978 628 3039 horrentes
652 2978 790 3040 demittat
812 2979 917 3041 celsior·
938 2977 1060 3051 'un’rbras

211 3144 229 3159 ,Ι
258 3076 294 3149 ln
317 3094 398 3137 mare
421 3078 502 3151 (nam
525 3075 770 3164 varie'quaeqam
793 3077 971 3157 fugiuntque
995 3080 1189 3159 petuntque);

157 3201 233 3263 talis·
259 3199 340 3262 enim
374 3200 560 3280 parenthesis
594 3202 631 3262 de
663 3220 721 3281 000
755 3200 882 3263 diximus
907 3221 934 3282 p.
952 3201 992 3264 28
1015 3204 1082 3265 addi
1104 3221 1166 3264 non
1189 3212 1304 3282 poterat

157 3299 215 3361 nisi
237 3299 268 3361 in
290 3300 425 3378 exemplo
448 3299 590 3379 primore,
612 3300 741 3378 indeque
764 3299 854 3363 etiam
875 3301 1009 3362 ordinem
1032 3303 1140 3362 horum
1163 3320 1304 3362 versuum

157 3406 348 3479 praepostere
370 3398 509 3460 traditum
532 3416 596 3459 esse
618 3399 813 3476 intellegitur3
835 3409 901 3461 tum
923 3401 1123 3477 sequebantur
1138 3400 1317 3479 partitionis.

158 3499 293 3560 membra
315 3497 416 3559 nescio
439 3517 498 3577 quo
521 3497 623 3558 ordine
646 3497 709 3557 lere
731 3503 873 3577 quattuor
894 3497 1015 3575 reliqua.

245 3596 348 3676 ltaque
372 3594 500 3674 Oppiani
526 3595 596 3679 licet
623 3594 736 3656 auxerit
762 3614 825 3656 reni
849 3603 949 3655 tamen
973 3595 1129 3657 consilium
1152 3603 1181 3656 et
1204 3595 1304 3676 dispo-

157 3695 227 3757 sitio
258 3695 325 3775 ipsa
358 3693 462 3756 similis
496 3693 523 3754 ei
554 3694 611 3755 luit
637 3712 725 3772 quam
750 3692 912 3755 Ovidianos
935 3703 1024 3772 poeta
1047 3695 1216 3774 assumpsit.
1261 3695 1304 3756 Ne

158 3792 297 3857 umbram
325 3793 444 3873 quidem
472 3801 605 3855 amantes
633 3793 726 3871 ignoti
750 3793 886 3873 Oppiano
908 3801 980 3854 sunt
1002 3813 1181 3873 quamquam
1205 3794 1303 3855 miuus

157 3900 319 3956 occurrunt
340 3890 457 3970 inipso
480 3891 648 3973 χωρισμῴ.
693 3890 767 3953 Nam
790 3891 879 3952 1605
901 3892 981 3952 inter
1003 3911 1036 3953 ea
1059 3910 1135 3970 quae
1156 3893 1188 3952 in
1208 3894 1304 3972 Ponto

158 3991 286 4052 maxime
307 3990 441 4069 placeant
463 3990 572 4051 adsunt
603 3990 692 4051 etiam
716 3985 814 4070 ἄκραι
842 3992 988 4072 quispam
1018 3991 1083 4051 ideo
1105 3991 1304 4069 hippurorum
1415 4060 1416 4063 Ἴ

158 4092 297 4153 dicuntur
319 4084 409 4170 φῦλα
435 4085 597 4168 moldonea
619 4089 655 4150 lV
671 4089 750 4162 4223
772 4097 861 4167 atque
884 4089 920 4150 de
942 4089 1080 4169 pompilia
1096 4090 1132 4151 lV
1148 4087 1224 4150 438:
1248 4087 1304 4149 καὶ

158 4189 221 4272 γὰρ
246 4195 317 4260 τοῖς
343 4187 420 4249 ἴσον
445 4180 522 4268 ἦτορ
538 4184 596 4248 ἐπὶ
613 4196 777 4269 crispetur
793 4182 957 4264 πόθοισις
987 4189 1065 4251 0000
1080 4189 1117 4249 00
1132 4208 1158 4249 v.
1174 4186 1214 4249 88
1231 4207 1303 4249 con-

157 4288 270 4349 iectura
293 4285 372 4347 Riesi
395 4285 507 4346 bostra
531 4303 598 4346 esse
621 4286 737 4348 dicetur
765 4286 853 4349 haec:
881 4286 960 4348 Num
981 4305 1063 4349 mores
1088 4297 1226 4350 torrentes
1253 4289 1303 4350 de-

159 4390 252 4449 mittat
270 4385 372 4449 celsior
397 4387 490 4448 arodus
517 4384 600 4447 cuius
630 4405 667 4448 ne
690 4403 813 4448 sensum
836 4387 963 4467 quidem:
981 4391 1181 4467 opportunum
1206 4388 1303 4468 videm
