2924 5018
198 1520 332 1622 Ovidius
355 1559 459 1619 estad
483 1577 570 1638 quem
593 1559 707 1620 vocaris
722 1575 820 1637 neque
835 1566 937 1619 tamen
949 1558 1070 1620 Ovidius
1093 1567 1147 1620 est.
1194 1559 1252 1622 Res

109 1656 296 1720 admirabilis.
340 1657 463 1718 Scientia
487 1658 567 1718 enim
591 1657 776 1736 antiquitatis
804 1664 836 1717 ut
863 1655 966 1718 orbem
990 1676 1078 1718 strum
1108 1659 1253 1738 compleat

109 1756 267 1818 distentior
295 1756 330 1816 ad
366 1755 563 1816 remotissima
593 1756 651 1816 iam
686 1763 826 1833 evagatur
864 1756 1091 1835 comprehendit
1121 1757 1251 1837 dispersa

108 1855 299 1933 insinuatque
321 1854 352 1914 in
374 1840 438 1933 ips'a
462 1862 558 1915 terrae
580 1855 707 1927 viscera3
731 1872 805 1934 quae
828 1872 898 1915 vero
922 1855 971 1915 diu
994 1862 1162 1934 comparata
1182 1864 1253 1917 sunt

108 1955 265 2032 iacentque
295 1953 325 2013 in
354 1954 451 2014 medio
479 1954 572 2015 iacere
598 1955 774 2030 neglectiore
801 1953 941 2014 videntur
969 1961 998 2014 et
1026 1953 1129 2032 apiarii
1158 1954 1254 2015 nostri

108 2053 211 2132 apibus
233 2051 421 2130 paucioribus
444 2070 532 2113 curae
555 2071 618 2113 esse
642 2070 730 2131 quam
753 2051 839 2112 fucis.
883 2052 923 2112 lta
953 2059 1052 2113 autem
1073 2053 1184 2114 factum
1209 2060 1253 2113 est

108 2158 142 2211 nt
168 2150 277 2211 reverti
309 2151 460 2211 interdum
489 2151 526 2211 ad
556 2151 726 2211 communia
757 2138 846 2229 atque
880 2151 1005 2211 contrita
1034 2158 1063 2211 et
1091 2152 1194 2212 deceat
1224 2160 1254 2212 et

109 2250 263 2310 conducat.
307 2248 368 2327 Ego
395 2267 464 2310 vero
493 2266 560 2309 cum
589 2249 621 2308 in
644 2248 738 2310 hortis
761 2247 931 2309 cultissimis
953 2257 1109 2328 poetarum
1133 2247 1254 2311 Latino-

108 2364 175 2408 rum
210 2346 427 2408 deambularem
459 2347 535 2407 inter
564 2348 652 2407 flores
687 2346 814 2408 Nasonis
853 2347 927 2407 male
958 2347 1080 2407 horrere
1109 2348 1251 2409 carduum

110 2446 302 2506 animadverti
325 2479 366 2490 -
388 2463 452 2505 rem
476 2464 548 2506 sene
570 2444 783 2518 admirabilem,
806 2445 863 2505 nisi
886 2446 963 2506 forte
984 2445 1077 2505 fuisse
1099 2445 1149 2506 ille
1171 2446 1253 2507 vide-

109 2545 189 2606 bitur
218 2545 254 2604 ad
279 2543 501 2622 exstirpandum
531 2543 687 2622 spinosior.
733 2544 828 2622 Atque
850 2541 910 2603 iam
934 2543 1075 2622 consequi
1099 2562 1153 2622 ego
1177 2563 1252 2623 opus

110 2643 241 2705 conabor
263 2641 470 2721 praeteritum3
504 2643 534 2702 in
557 2661 615 2721 quo
638 2650 740 2703 tamen
762 2658 887 2702 munere
909 2643 1078 2702 satisfacere
1102 2660 1149 2702 me
1179 2643 1253 2704 scias

112 2759 173 2802 non
200 2740 296 2802 solum
324 2740 421 2800 studio
444 2740 569 2800 veri-
592 2757 660 2800 nam
683 2739 829 2800 interesse
852 2739 963 2817 aliquid
986 2740 1064 2800 inter
1087 2741 1176 2802 flores
1197 2741 1255 2802 tri-

110 2839 197 2901 uiales
221 2847 251 2900 et
273 2839 444 2901 hortensios
467 2837 552 2900 facile
575 2845 770 2916 cognoscetur
791 2871 846 2911 —-,
869 2838 921 2898 sed
945 2838 1033 2898 etiam
1056 2837 1253 2916 indignationi

111 2956 194 2999 meae
223 2936 382 3016 pietatique
409 2936 571 3009 clarissimo
600 2936 720 3015 ingenio
743 2936 875 3009 debitae,
906 2936 1052 3016 siquidem
1076 2957 1092 2998 a
1116 2938 1255 3000 divinitus

111 3035 228 3116 scriptis
250 3035 369 3114 indigna
391 3035 500 3114 pellere
522 3035 669 3113 hodieque
691 3035 735 3096 fas
759 3043 814 3095 est.
859 3014 973 3096 Plinius
997 3035 1076 3096 enim
1099 3036 1254 3098 Secundus

110 3135 141 3195 in
164 3134 311 3195 Naturalis
328 3133 474 3194 Historiae
497 3133 572 3194 libro
588 3132 696 3194 Xllllll
719 3133 865 3212 excerpsit
881 3133 965 3193 Ovidi
987 3142 1092 3212 poetae
1114 3136 1254 3196 volumen

111 3233 191 3313 quod
214 3232 395 3293 halieuticon
417 3232 635 3293 inscribebatur
655 3231 865 3311 ferebaturque
887 3231 1060 3293 incohatum
1082 3232 1117 3295 ab
1139 3250 1174 3294 eo
1190 3250 1255 3295 esse

112 3331 213 3392 Tomis
235 3330 383 3410 supremis
405 3329 482 3392 vitae
496 3330 682 3410 temporibus
699 3333 728 3404 (ξ
746 3330 782 3390 11
800 3338 830 3390 et
847 3330 936 3406 totu
957 3331 1039 3392 unde
1055 3338 1135 3392 recte
1151 3349 1255 3393 omnes

112 3431 296 3508 collegerunt
328 3448 389 3491 non
423 3430 590 3491 absolutum
624 3429 733 3489 librum
767 3429 858 3490 fuisse
892 3429 1001 3507 quippe
1029 3428 1079 3508 qui
1108 3430 1257 3491 diceretur
1319 3421 1321 3426 ’

111 3529 277 3591 incohatas.
330 3528 411 3600 Quae
445 3535 545 3589 autem
577 3527 608 3588 in
643 3528 754 3588 nostris
784 3526 869 3588 Ovidi
903 3527 1083 3590 editionibus
1116 3530 1257 3608 leguntur

112 3626 427 3707 llalieuticaprimum
450 3645 520 3688 cura
543 3627 659 3706 Georgii
681 3627 754 3705 Logi
776 3645 854 3687 anno
876 3626 959 3688 1534
984 3628 1061 3689 edita
1083 3645 1144 3688 non
1166 3628 1257 3703 alium

112 3725 222 3786 librum
253 3742 318 3786 esse
347 3734 445 3804 atque·
465 3744 556 3805 quem
584 3725 695 3787 Plinius
719 3725 867 3805 excerpsit
889 3726 974 3787 facile
997 3726 1178 3787 intellectum
1202 3733 1256 3787 est.

113 3824 150 3884 Et
179 3824 297 3903 quidem
325 3823 374 3886 hic
401 3842 520 3904 quoque
549 3825 704 3902 fragminis
734 3825 828 3886 instar
860 3832 905 3886 est
935 3825 1128 3904 continetque
1155 3843 1257 3885 versus

115 3940 176 3983 non
198 3922 265 4000 plus
283 3921 354 3982 134.
393 3921 507 3995 Quibus
523 3931 624 3984 tamen
651 3924 683 3984 in
706 3925 819 4003 optimo
843 3922 943 3985 codice
968 3923 1186 3984 Vindobonensi
1208 3923 1254 3984 in·

114 4021 256 4100 scriptum
284 4021 384 4099 potius
411 4020 533 4100 legitur:
560 4039 659 4082 emaus
674 4021 763 4082 Ovidi
781 4022 814 4082 de
830 4021 956 4100 pisellus
977 4031 1004 4082 et
1022 4023 1094 4101 seris
1125 4022 1258 4100 itemque

114 4120 145 4180 in
161 4119 311 4192 Parisin03
334 4136 430 4197 neque
451 4119 530 4180 enim
553 4119 656 4180 insunt
678 4119 736 4180 nisi
758 4120 919 4181 nonnullae
937 4120 972 4181 de
989 4119 1117 4180 sollertia
1131 4118 1258 4197 piscium

114 4217 237 4278 fabellae
272 4217 451 4297 quibuscum
484 4218 635 4278 terrestria
670 4217 777 4278 deinde
804 4217 941 4280 animalia
972 4222 1183 4294 comparantur
1206 4216 1258 4278 ad-

115 4316 304 4395 nectiturque
332 4315 506 4397 aquatilium
527 4317 685 4378 nominum
714 4316 878 4396 catalogus3
909 4318 949 4377 ita
983 4323 1016 4376 ut
1049 4313 1154 4375 titulus
1186 4335 1258 4396 pro-

115 4416 246 4495 positum
276 4423 382 4494 poetae
404 4415 538 4476 indicans
560 4414 737 4476 immutatus
760 4425 864 4495 postea
888 4432 904 4473 a
926 4412 1050 4475 librariis
1072 4411 1206 4476 videatur
1227 4414 1257 4474 in

168 4515 255 4565 Birt,
274 4514 304 4558 de
318 4512 462 4558 halieutieis.
1084 4515 1098 4565 1
