2924 5018
669 268 892 349 ..283-

211 461 290 522 inv.
314 461 356 523 86
379 467 408 522 et
430 459 471 524 89
493 467 538 522 ιιι
556 448 702 541 'particula
723 480 793 522 aum
816 468 952 522 ornatam
983 459 1126 521 excidisse
1152 468 1249 540 putes,
1281 480 1357 540 pro·

212 560 332 622 bibetur
353 568 383 622 et
404 578 437 622 re
459 568 490 622 et
512 559 668 622 verborum
690 560 723 621 in
746 579 771 620 v.
795 558 834 620 91
859 560 949 621 modo
972 559 1188 634 coniunctivolt

312 699 389 761 Num
413 697 485 760 vada
507 697 643 760 subnatis
668 699 727 760 imo
750 676 921 785 virideutur',
936 698 973 761 ab
996 697 1095 761 herbis

312 790 434 876 Gurgite
457 803 486 858 et
508 802 542 857 ut
564 797 692 859 conchae
713 796 804 877 piscis
826 803 965 876 pascatur
986 797 1096 859 inertes

312 894 505 974 oblectetque
527 913 623 956 moras
646 901 676 955 et
697 894 779 955 molli
803 895 911 956 serviat
933 895 1023 974 algae.

211 1033 347 1095 Goncbas
370 1034 450 1095 enim
474 1050 563 1113 quam
586 1031 712 1096 maxime
739 1031 774 1094 ad
802 1030 921 1094 mollem
953 1018 1046 1113 algam
1074 1032 1224 1114 pertinere
1246 1039 1354 1094 notum

212 1141 242 1191 et
263 1137 309 1192 est
330 1138 360 1193 et
382 1141 455 1193 tunc
477 1131 542 1193 fuit.

296 1231 353 1291 Sed
376 1238 411 1292 ut
433 1231 469 1292 ad
491 1248 609 1292 versum
631 1230 691 1291 iam
712 1228 753 1292 89
768 1230 892 1310 gradum
908 1230 1082 1301 referamus,
1104 1228 1157 1291 ubi
1176 1229 1249 1291 litus
1265 1246 1354 1292 mon·

208 1329 286 1391 ιιιιιιι
308 1329 424 1392 umbris
455 1330 581 1392 horrens
604 1327 728 1402 dicitur,
757 1328 882 1390 omnino
904 1347 953 1390 me
980 1346 1040 1391 non
1064 1328 1232 1408 perspicere
1259 1329 1356 1392 fateor

211 1429 282 1508 quid
304 1429 343 1491 sit
364 1428 435 1491 illud
458 1430 537 1511 quod
560 1428 693 1490 additur:

211 1558 214 1563 '
410 1566 480 1611 nam
502 1547 580 1610 varie
603 1548 723 1629 quidam
746 1547 925 1628 fugiuntque
946 1553 1124 1629 petuntque.

209 1687 326 1768 Aliquid
353 1688 496 1767 cogitasse
524 1688 699 1768 scriptorem
727 1686 928 1762 necessarium
951 1695 1011 1762 est3
1044 1688 1095 1750 sed
1120 1686 1194 1749 nihil
1216 1686 1355 1766 cogitavit

208 1788 267 1850 nisi
288 1787 402 1849 addidit
424 1786 571 1849 obiectum
588 1786 668 1867 quod
682 1787 836 1865 fugeretur
851 1794 1048 1865 petereturve.
1085 1783 1211 1848 Umbras
1233 1784 1353 1865 cogitari

209 1886 315 1966 aliquis
337 1885 478 1961 coniciat3
510 1885 562 1947 sed
585 1905 639 1947 cur
659 1883 729 1947 inde
752 1903 813 1946 non
837 1884 940 1945 maluit
962 1884 1064 1947 scribi:
1097 1887 1268 1965 quassaris
1289 1887 1353 1965 qui-

211 1983 279 2044 dum
298 1985 469 2067 [apiumque
487 1980 663 2064 petamque?
700 1983 796 2063 Atque
819 1982 906 2044 etiam
930 1990 994 2044 tum
1017 2001 1109 2045 sensu
1131 1982 1248 2063 quidam
1269 2001 1353 2045 care·

209 2089 266 2142 ret.
312 2081 414 2143 Verius
443 2100 507 2143 rem
536 2081 708 2162 explicabis:
743 2098 813 2143 nam
836 2080 914 2143 varia
937 2080 1009 2143 varii
1031 2080 1149 2161 fugiunt
1171 2079 1216 2141 rel
1237 2085 1353 2161 petunt,

209 2179 407 2259 nequeenim
438 2179 666 2242 dissimiliterv.
690 2179 730 2242 92
755 2179 879 2253 dicitur:
907 2179 1063 2261 Discripsit
1089 2179 1174 2242 sedes
1198 2178 1276 2241 varie
1298 2196 1354 2253 ua-

209 2287 275 2338 tura
302 2297 356 2358 pro
359 2278 452 2340 lundi.
498 2277 556 2340 Sed
579 2298 614 2340 eo
638 2278 743 2363 magis
758 2287 787 2340 et
809 2277 959 2361 obiectum
984 2277 1165 2341 desiderabis
1187 2286 1217 2338 et
1237 2277 1354 2358 vitupe-

208 2375 288 2436 rabis
310 2377 435 2463 quidam.
457 2375 535 2451 Qua
558 2377 594 2438 de
617 2395 705 2441 causa
726 2358 823 2438 iacere
845 2394 907 2447 non
926 2394 1050 2456 possum
1067 2377 1140 2457 quin
1156 2376 1352 2438 mutationem

209 2473 414 2537 commendem
437 2473 529 2535 hanc:

394 2601 464 2646 nam
487 2556 565 2648 varie
568 2586 733 2666 quaedam
756 2542 935 2665 fugiuntque
957 2544 1142 2667 petuntque:

207 2741 278 2785 nam
305 2727 396 2803 pisces
422 2722 587 2785 subiectum
611 2743 668 2804 qua
690 2724 754 2803 lege
777 2723 976 2804 supplendum
999 2734 1077 2786 esset
1099 2741 1188 2805 supra
1217 2722 1352 2786 indicavi.

207 2825 309 2903 ltaque
338 2823 436 2884 multa·
460 2823 598 2902 quidem,
630 2822 740 2903 inquit,
774 2840 881 2884 omnes
910 2822 1004 2903 pisces
1032 2822 1200 2884 communia
1231 2822 1352 2899 babent,

208 2921 353 3001 quaedam
387 2928 487 2981 tamen
520 2936 582 2981 non
616 2920 785 2982 communia
815 2921 896 2982 velut
924 2920 1009 2982 litora
1032 2921 1103 2983 solis
1124 2920 1196 2982 luce
1213 2921 1351 2984 carentia.

207 3018 251 3079 Ex
273 3036 331 3108 qua
353 3017 479 3078 lectione
502 3033 575 3079 num
598 3018 683 3097 plura
705 3026 938 3099 consequantur
950 3034 1032 3080 nunc
1054 3034 1117 3081 non
1139 3019 1345 3107 quaerimus·

294 3103 338 3174 Ne
360 3131 429 3175 vero
452 3114 550 3175 officio
572 3133 639 3176 meo
661 3115 784 3177 omnino
804 3115 907 3199 deesse
928 3114 1037 3191 ridear,
1061 3118 1193 3197 castigati
1209 3124 1279 3180 sunt
1301 3117 1352 3211 qui

206 3213 375 3292 oblectetque
396 3229 495 3274 moras
516 3229 577 3273 non
597 3212 795 3293 scripsissent,
819 3216 977 3293 castigetur
1003 3232 1086 3278 nuno
1113 3216 1164 3296 qui
1190 3216 1352 3297 scripserit.

208 3313 315 3374 Durius
327 3311 458 3391 primum
481 3311 619 3391 estquod
634 3311 793 3373 ablativum
806 3312 907 3374 omisit
922 3312 986 3374 eius
997 3313 1042 3374 rei
1057 3331 1113 3393 qua
1128 3319 1248 3394 tempus
1264 3330 1353 3376 suum

206 3411 297 3492 piscis
331 3398 508 3484 oblectaret:
540 3427 637 3490 neque
674 3410 820 3472 enimsi
856 3409 995 3472 dicimus:
1034 3411 1136 3472 studia·
1150 3434 1153 3439 ·
1166 3406 1352 3492 senectutem

208 3511 366 3581 oblectant,
390 3509 475 3588 quale
498 3508 577 3589 apud
593 3508 764 3571 Ciceronem
787 3518 832 3570 est
854 3507 888 3568 in
910 3507 1044 3570 oratione
1064 3518 1118 3589 pro
1133 3508 1239 3570 drdbia
1255 3506 1352 3590 posta',

207 3607 424 3670 desiderabitur
456 3607 613 3679 ablativus,
647 3607 698 3668 sed
721 3606 852 3686 intellegi
880 3606 1034 3669 volumus:
1067 3604 1214 3684 oblectare
1245 3608 1353 3671 studiis

206 3712 392 3768 senectutem
410 3723 579 3795 possumus.
625 3705 707 3766 Nova
719 3712 817 3790 autem
833 3704 952 3767 audacia
969 3705 1084 3767 vincare
1099 3704 1235 3768 Ovidium
1252 3706 1353 3780 voluit,

98 3868 109 3879 ,,
207 3823 274 3866 eum
298 3803 413 3865 moris
436 3812 488 3864 aut
510 3802 674 3893 simplicem
698 3804 850 3864 notionem
873 3804 1060 3889 temporis
1044 3803 1127 3866 daret
1149 3798 1211 3886 aut
1243 3806 1353 3868 rectius

206 3903 399 3984 (quamquam
421 3899 530 3978 ambigi
552 3901 661 3981 possit)
683 3919 737 3981 pro
752 3909 833 3963 certa
853 3901 980 3988 statione
1001 3910 1031 3965 et
1048 3880 1235 3980 babitatione
1256 3920 1353 3967 moras

209 4003 251 4063 sel
273 3999 538 4063 commorationem
561 3998 706 4093 posuisse
720 3980 885 4077 rideretur:
907 4000 968 4062 sed
983 4001 1164 4063 contrarium
1192 4012 1256 4064 est
1264 4009 1353 4084 atque

206 4116 415 4181 quemcunque
437 4098 534 4159 locum
557 4098 651 4160 adibis
672 4116 791 4197 semper
812 4097 923 4179 aliquid
945 4100 1008 4162 voci
1035 4099 1114 4162 inest
1146 4094 1353 4212 impedimenti

207 4216 267 4278 quo
289 4218 306 4260 a
328 4217 361 4258 re
383 4194 535 4276 proposita
568 4188 772 4269 detineamur,
807 4196 885 4277 quod
919 4215 1025 4278 parum
1059 4198 1092 4259 in
1124 4198 1236 4311 piscem
1270 4198 1352 4261 illum

207 4296 337 4376 quadrat.
382 4296 455 4357 lam
473 4294 545 4356 satis
574 4294 720 4356 intellecta
750 4295 908 4374 fragmenti
931 4294 1019 4359 buius
1052 4296 1164 4377 species
1198 4304 1243 4360 est
1275 4299 1353 4361 inte'r

206 4395 343 4475 putidum
367 4410 537 4455 sermonem
561 4400 591 4454 et
613 4392 774 4455 inhabilem
797 4395 906 4457 misere
940 4394 1119 4458 fluctuantis.
1163 4396 1249 4470 Quod
1283 4395 1352 4477 quia
