2924 5018
611 245 856 309 -119—

159 421 251 485 celius
279 441 304 482 v.
322 421 378 494 28,
408 439 476 483 cum
503 419 735 501 praetermiserit
764 439 833 485 eum
861 419 1043 492 Aristoteles,
1072 423 1309 501 praetermiserit

159 520 247 580 etiam
262 519 425 598 Oppianus.
457 518 560 580 Nudus
576 519 710 580 cochleae
726 520 822 580 instar
837 519 915 597 apud
932 518 1035 579 Philen
1055 521 1164 586 dicitur
1180 541 1205 585 r.
1225 522 1306 587 1865

158 626 187 678 et
202 618 279 698 apud
296 617 448 679 Aelianum
465 616 561 690 11453
584 635 646 678 non
661 618 747 679 deest
761 618 839 697 apud
856 617 1053 696 Hesychium3
1075 620 1151 680 scari
1171 629 1201 682 et
1223 622 1307 685 mulli

158 717 299 795 praedam
328 734 395 778 esse
420 716 590 778 Athenaeus
618 715 818 778 docetbbbtl
839 722 868 777 et
890 713 1004 790 atam
1037 715 1173 780 diffusius
1204 720 1240 781 de
1271 741 1307 782 eo

157 813 297 877 Aelianus
311 814 430 879 locutus
452 823 498 879 est
511 813 576 877 xvt
593 812 641 888 19,
667 833 727 894 qun
754 814 848 894 capite
872 813 950 877 lecto
964 814 1008 879 vel
1027 813 1059 879 id
1075 816 1240 896 explicatur
1254 835 1308 884 cua

157 913 279 992 Apuleio
292 912 434 981 acciderit
456 913 534 989 (ride
548 913 671 992 Apolog.
687 910 740 987 33)
764 922 796 975 ut
814 911 948 992 leporem
976 912 1125 981 marinum
1151 933 1305 996 nunquam

155 1011 317 1087 invenirem
339 1011 513 1091 pisciculum
530 1010 731 1076 minusculum
758 1030 824 1073 esse
839 1010 982 1091 Apuleius
1002 1011 1114 1077 iudicat
1129 1012 1240 1079 ibidem
1255 1015 1306 1080 th.

156 1109 254 1189 Atque
269 1109 321 1190 qui
336 1110 425 1173 hodia
437 1109 535 1173 fertur
549 1110 634 1188 lepus
649 1109 782 1173 marinus
799 1110 843 1171 vel
858 1109 978 1189 lumpus
994 1111 1179 1191 cyclopterus
1192 1131 1307 1179 nomen

156 1226 248 1273 suum
267 1228 284 1271 a
303 1207 404 1288 pinnis
425 1208 480 1273 ahi
496 1207 609 1288 accepit
631 1207 668 1272 ad
683 1207 753 1273 circi
769 1207 814 1271 vel
830 1206 903 1272 disci
917 1209 1041 1286 liguram
1057 1212 1221 1275 concretis:
1247 1213 1306 1279 boc

156 1307 223 1371 iure
258 1307 289 1370 ni
323 1306 409 1371 lallor
445 1307 556 1369 latinus
593 1314 678 1385 poeta
721 1306 810 1370 etiam
852 1306 948 1373 latos
990 1308 1106 1389 lepores
1143 1311 1305 1390 appellavit

156 1404 287 1469 Eosdem
312 1405 401 1471 lutosi
423 1406 552 1471 uuaime
582 1404 669 1471 maris
699 1403 811 1469 incolas
840 1405 991 1489 praeclare
1015 1407 1147 1473 ostendit
1167 1408 1306 1475 Aelianus

157 1503 255 1568 uerbis
281 1505 425 1569 τίκτεται
448 1501 486 1565 dd
512 1499 577 1584 ἄρα
595 1496 629 1566 s‘o
654 1498 761 1585 πηλῷ.
798 1502 933 1585 Denique
958 1505 1039 1569 inter
1063 1506 1139 1571 latos
1164 1507 1306 1577 rhombos

155 1620 291 1682 passeres
306 1619 455 1682 ranaeque
476 1603 543 1667 latis
568 1601 718 1681 leporibus
743 1602 827 1665 locus
854 1603 941 1669 datus
967 1621 1029 1671 nou
1056 1605 1120 1674 sine
1134 1623 1237 1671 rerum
1252 1607 1307 1674 ob-

156 1701 303 1767 servantia
329 1710 384 1767 est.

181 1867 206 1875 ,,
241 1800 396 1872 Praecedit
418 1808 520 1867 autem
546 1800 676 1863 latorum
697 1797 820 1865 nomina
840 1818 943 1865 versus
960 1798 1020 1865 123
1036 1800 1208 1871 decurtatus
1224 1802 1306 1871 bunc
1432 1832 1435 1835 “

160 1899 195 1965 io
213 1899 357 1966 moduni:

258 2041 295 2102 Et
309 2039 469 2137 squatenui
486 2040 617 2102 sullusus
634 2039 778 2121 sanguine
792 2039 911 2102 mullus.

157 2196 490 2282 llulluserpo'eretoc
510 2199 588 2278 apud
612 2198 801 2266 Aristotelem
824 2195 860 2263 ἐν
885 2194 1172 2280 repromitterem
1189 2201 1306 2267 habitat

157 2298 264 2376 (598A
281 2299 319 2365 tu
335 2306 365 2364 et
380 2298 445 2375 11),
470 2297 502 2363 in
528 2297 663 2363 locorum
690 2297 901 2363 distributione
921 2296 1077 2378 Oppiauea
1101 2298 1180 2363 sicut
1202 2307 1306 2367 nosue

157 2395 222 2465 loto
246 2396 342 2475 planis
358 2394 497 2475 ,piscibus
522 2396 670 2461 adseritur
694 2396 838 2461 humilem
863 2396 1009 2475 gurgitem
1035 2413 1199 2476 arenasque
1215 2416 1305 2463 occu·

156 2494 295 2574 pastibus
310 2495 335 2568 u
351 2493 391 2557 98
408 2503 439 2559 et
456 2494 539 2573 130).
565 2495 755 2575 nasciturque
781 2495 861 2560 idem
886 2495 986 2559 herbis
1002 2496 1110 2561 ostreis
1123 2495 1187 2561 luto
1202 2496 1304 2575 (Arist

157 2592 247 2662 amn
261 2593 320 2673 aa)
346 2594 430 2674 parci
445 2595 548 2661 similis
563 2593 702 2674 (Oppiani
718 2595 757 2657 lll
772 2594 848 2668 439)
877 2594 1068 2659 mollissimus
1084 2594 1220 2659 omnium
1235 2594 1305 2671 (Cn-

156 2692 424 2769 ium.v11117.o)
451 2695 526 2759 victu
554 2712 647 2759 senex
667 2693 803 2772 (blartial.
819 2693 846 2755 ll
861 2693 912 2768 30,
928 2694 992 2771 25).
1034 2694 1095 2761 tam
1121 2712 1192 2757 vero
1218 2713 1307 2758 san·

155 2790 268 2869 puina
294 2791 463 2855 suffusus
489 2791 598 2857 dicitur
618 2800 648 2853 et
674 2791 794 2873 quidam
821 2792 929 2853 tenui
956 2792 1120 2872 sanguinea
1142 2791 1200 2856 hoc
1224 2791 1305 2858 euim

155 2891 292 2969 quamvis
319 2890 418 2953 minus
447 2897 637 2971 expectatum
664 2890 796 2970 recipere
819 2909 835 2955 a
861 2891 932 2955 viris
968 2891 1064 2957 doctis
1099 2908 1160 2957 nou
1186 2889 1307 2966 dubito3

155 2997 248 3068 atque
272 3005 321 3051 res
346 2988 469 3068 quidem
496 2988 670 3055 notissima:
696 2989 733 3053 de
759 2988 851 3055 mullo
879 2989 1047 3069 exspirante
1063 3008 1202 3070 proceres
1216 2989 1302 3070 gelae

154 3087 234 3167 apud
249 3087 393 3151 Senecam
412 3089 475 3151 Nat
492 3091 612 3164 (tuaest.
630 3088 667 3154 lll
689 3086 770 3160 t8‚b
797 3087 891 3162 „ride
914 3089 1061 3168 inquiunt
1081 3089 1232 3169 quomodo
1253 3106 1305 3154 ca-

155 3185 262 3257 arserit
274 3186 370 3255 rubor
384 3187 467 3253 omui
483 3187 579 3253 acrior
594 3186 702 3261 minim
729 3187 796 3252 vide
821 3202 895 3266 quas
921 3187 1089 3266 perlatore
1113 3205 1204 3254 venas
1230 3195 1303 3266 auat·

155 3303 226 3353 eece
249 3285 478 3364 sanguinem
505 3293 591 3364 putes
618 3293 763 3352 ventrem.
779 3302 871 3363 quam
896 3284 1027 3351 lucidum
1044 3284 1185 3364 quiddam
1201 3302 1305 3350 caeru-

155 3383 296 3462 leumque
311 3383 367 3451 sub
382 3383 448 3463 ipso
463 3390 599 3463 tempore
615 3380 762 3449 eti'ulsitl“
792 3383 859 3462 Ipsa
874 3383 997 3449 demum
1013 3389 1110 3447 morte
1125 3381 1305 3460 patescebat

156 3490 186 3549 et
201 3481 322 3561 aridem
337 3480 510 3549 rubentium
527 3499 719 3561 squamarum
734 3480 898 3550 mundone
914 3479 1069 3558 multiplici
1087 3479 1175 3554 (Plini
1185 3480 1226 3548 tx
1238 3481 1303 3560 ibt

155 3580 236 3647 uude
264 3598 385 3647 roseum
415 3581 489 3645 dicit
517 3581 686 3660 Oppianus,
715 3580 840 3645 rubrum
870 3578 1052 3646 vernarum
1082 3578 1304 3647 comoediarum

154 3678 313 3757 scriptores
339 3679 417 3758 apud
443 3680 628 3745 Athenaeum
649 3676 710 3743 321
718 3678 751 3747 Ε.
777 3677 940 3757 puniceum
964 3676 1114 3743 Ausonius
1141 3677 1213 3745 uos.
1232 3679 1302 3752 117,

155 3771 391 3858 ἀνθεμόεσσαν
411 3774 545 3860 τρίγλην
559 3777 713 3844 ltmcellus
731 3794 757 3841 r.
772 3776 826 3841 44.
854 3777 954 3856 Atque
973 3784 1007 3841 ut
1030 3793 1131 3841 rasus
1146 3776 1304 3856 fragmenti

156 3892 281 3943 mancus
307 3876 499 3954 compleatur,
523 3876 589 3956 ipsa
615 3895 648 3943 re
669 3892 736 3943 ¹uon
755 3876 865 3945 briter·
873 3875 1076 3943 commendari
1090 3875 1228 3945 Aldimm
1242 3876 1304 3945 lec·

156 3974 270 4037 tionem
285 3973 371 4053 video
386 3993 402 4036 a
419 3973 540 4041 morano
554 3974 690 4043 leudibus
701 3983 875 4052 exceptamx
1015 3988 1018 3993 ’

255 4110 294 4174 Et
309 4124 448 4194 squamas
464 4112 547 4174 tenui
563 4110 695 4174 suffusus
711 4111 856 4190 sanguine
872 4110 991 4190 mulius,

148 4280 235 4344 auae
250 4259 541 4325 commendationem
558 4260 646 4329 edam
667 4280 701 4325 ex
718 4277 859 4339 sermone
873 4258 988 4340 accipit,
1014 4258 1040 4323 si
1065 4257 1187 4338 quidem
1200 4256 1302 4325 minus

156 4368 224 4443 apte
251 4358 342 4442 piscis
372 4358 434 4442 ipse
451 4377 541 4440 quam
556 4377 698 4445 squamae
719 4359 784 4425 eius
804 4359 935 4429 sutiasae
949 4355 1172 4439 praedicantum
1201 4363 1302 4427 nmen

157 4457 277 4520 tolerari
303 4477 357 4537 ego
384 4459 428 4520 vel
454 4457 554 4519 minus
581 4464 648 4538 apte
674 4456 785 4519 dictum
811 4475 899 4539 posse
925 4453 1134 4534 concesserim,
1161 4463 1251 4536 atque
1277 4457 1302 4520 si
