2924 5018
619 291 843 357 ..35-

158 463 229 526 ferri
252 484 312 526 nou
336 466 455 546 poterit,
485 485 573 546 quem
602 467 735 531 laborem
767 468 942 548 ampliorem
970 470 1060 532 etiam
1093 490 1183 551 quarn
1211 474 1308 535 subti-

158 563 261 625 liorem
296 565 439 627 inlectum
474 565 570 627 adbuc
602 567 787 647 reliquimus.
831 567 930 629 Placet
962 578 1042 631 certe
1076 570 1156 649 quod
1189 571 1308 651 scripsit

158 660 278 723 Ovidius
302 682 338 723 ex
361 663 457 724 Ponto
479 664 516 725 IV
532 664 560 739 6,
577 664 634 726 431
662 670 751 727 uestri
770 682 830 728 non
856 669 1005 728 immemor
1026 686 1169 747 unquam;
1193 678 1223 731 at
1244 668 1308 730 dis-

157 760 278 839 pliceret
300 761 325 823 si
341 762 506 841 scripsisset
521 763 617 824 idem:
641 768 754 843 turpior
776 783 834 826 non
855 766 966 844 semina
989 765 1052 826 nlla
1075 765 1307 840 111.113,34;

155 858 282 938 paudere
303 864 408 923 nostris
429 880 487 923 non
511 860 654 933 Quiritem
675 861 771 923 ullum
793 862 1020 938 Τ1111.ΙΙ569;
1047 865 1202 926 sumendae
1223 883 1307 927 rosae

156 974 215 1018 nan
235 963 331 1038 qratia
352 959 415 1020 ullo
437 971 500 1021 erut
520 960 601 1021 Fast.
617 961 640 1021 V
657 958 733 1033 3443
763 965 933 1022 metuentius
960 980 1020 1023 non
1041 966 1186 1042 mqmium
1212 963 1310 1025 ullum

157 1055 234 1116 Fast.
252 1057 287 1117 Vl
304 1056 381 1132 259;
407 1059 484 1121 videt
511 1077 570 1120 non
592 1077 696 1120 amans
717 1059 797 1120 ullus
819 1059 940 1120 Heroid.
957 1060 994 1121 lV
1014 1061 1083 1122 154.
1129 1061 1213 1134 Quod
1236 1081 1306 1122 vero

157 1154 189 1213 iu
213 1153 359 1216 Tristibus
380 1156 487 1235 legitur
509 1158 532 1218 V
552 1155 599 1232 12,
616 1157 671 1218 53:
694 1158 760 1220 Non
789 1158 926 1220 11111111
955 1158 1049 1230 ullus,
1080 1177 1140 1221 non
1162 1163 1212 1239 qni
1233 1178 1306 1239 cqc,

156 1251 185 1312 111
209 1253 375 1331 anaphorae
397 1255 460 1333 lege
490 1256 623 1316 excusari
657 1257 762 1317 sentio.
806 1256 924 1318 Adnotc
949 1259 1038 1320 etiam
1063 1259 1211 1320 Nasonem
1234 1260 1308 1321 scri-

158 1348 228 1412 bere
250 1351 298 1412 hic
323 1351 384 1414 illie
410 1371 518 1413 ausum
543 1373 608 1415 esse
630 1372 689 1415 nan
711 1353 789 1416 ullus
810 1373 864 1434 pro
887 1356 1000 1431 nullus,
1027 1376 1087 1419 non
1109 1376 1230 1437 usquam
1252 1376 1306 1438 pro

143 1468 299 1529 ,nusquam
315 1449 421 1512 similia
434 1451 528 1512 tertio
545 1453 642 1531 aliquo
658 1470 720 1513 uon
740 1453 942 1516 intercedente
957 1454 1099 1516 rambula
1124 1464 1211 1535 atque
1228 1456 1306 1517 haud

156 1566 224 1609 raro
241 1556 273 1608 ut
294 1548 365 1609 inde
387 1550 430 1612 vis
447 1568 617 1631 nervusqne
634 1552 792 1613 adderetur
811 1553 992 1630 sententiam
1014 1553 1069 1615 hac
1091 1554 1169 1615 enim
1182 1555 1245 1631 lege
1268 1574 1307 1616 ne

157 1664 174 1706 a
195 1647 335 1726 prosaicis
360 1648 479 1727 quidem
501 1647 530 1709 id
559 1648 690 1710 alienum
726 1659 770 1711 est
804 1650 1009 1729 (attenderunt
1031 1652 1067 1712 atl
1090 1652 1199 1713 tmesin
1224 1653 1308 1732 quasi

158 1744 288 1824 speciem
311 1765 400 1807 unam
422 1747 683 1826 metaplasmorum
706 1749 889 1825 grammatici
912 1749 981 1811 olim
1012 1750 1108 1824 latini,
1138 1750 1203 1811 vide
1228 1753 1308 1824 Con-

158 1843 236 1904 senti
258 1863 287 1922 p.
305 1843 445 1921 3911.);
468 1844 614 1924 imprimis
637 1865 707 1906 vero
730 1847 761 1908 in
783 1849 901 1909 Metam.
927 1868 951 1909 1.
973 1868 1001 1928 g.
1023 1847 1153 1910 111585.
1177 1850 1212 1910 Vl
1235 1850 1307 1911 553.

157 1940 295 2003 vl1558.
320 1942 383 2002 Vlll
404 1940 475 2002 228.
498 1942 569 2005 837.
592 1943 642 2004 XV
662 1945 729 2005 157.
775 1946 809 2006 11
832 1946 897 2024 ipso
919 1955 1020 2008 autem
1042 1945 1105 2007 Hal.
1122 1967 1149 2007 v.
1169 1946 1228 2008 130
1251 1966 1306 2028 po·

157 2039 216 2101 tius
240 2049 412 2120 corruptum
435 2040 498 2102 ullu
513 2061 578 2103 esse
600 2041 678 2103 inira
702 2043 898 2124 explicabitur
912 2062 1009 2127 neque
1032 2052 1134 2106 tamen
1160 2053 1192 2107 ut
1214 2046 1305 2109 callo-

158 2138 233 2199 catio
256 2139 433 2200 emendetur
456 2139 627 2201 verborum.

242 2252 354 2313 Rarum
377 2247 493 2332 aliquid
510 2253 553 2313 vel
581 2253 717 2333 putidum
749 2253 837 2315 lateat
864 2252 920 2316 sub
949 2253 1116 2334 corruptela
1138 2273 1241 2317 versus
1264 2252 1305 2349 73

156 2358 355 2424 1111111111,
378 2349 431 2412 ubi
454 2350 490 2412 de
513 2369 603 2430 equo:

307 2555 310 2561 ,
509 2464 681 2569 quantoque
703 2489 785 2551 venit
807 2488 974 2569 spectabilis
997 2498 1066 2552 actu

258 2585 528 2667 Conpiscatque
551 2588 647 2649 solum
672 2606 815 2667 generoso
838 2587 953 2649 concita
977 2589 1067 2667 pulsu

256 2685 369 2764 Ungula
394 2685 449 2746 sub
472 2686 574 2766 spoliis
599 2687 727 2765 graviter
748 2687 902 2748 redeuntis
926 2686 1042 2766 opimis.

157 2827 215 2888 Pro
238 2831 382 2907 cmpiscat
405 2846 511 2890 sensus
534 2831 596 2891 lere
619 2840 786 2910 conquassat
810 2829 855 2891 vel
885 2829 1031 2890 conculcat
1058 2828 1190 2906 flagitare
1219 2828 1303 2890 vide-

155 2925 241 2988 batur
264 2928 344 3006 quod
373 2928 451 3006 apud
476 2928 611 2990 Ovidium
636 2928 743 2989 dicitur
767 2928 875 3008 pulsat.
913 2928 1029 2990 Riesias
1052 2929 1134 2989 dedit
1156 2931 1304 3007 compescit

158 3033 327 3105 comparato
342 3044 403 3088 uno
417 3026 584 3104 fragmento
601 3026 688 3089 Titini
706 3028 819 3101 comici,
841 3028 893 3089 ubi
908 3027 1165 3107 compescitur
1189 3035 1302 3088 11111.

159 3124 281 3197 Qualem
316 3125 465 3186 audaciam
502 3132 536 3186 11
563 3125 673 3187 Ν11111
694 3145 719 3186 v.
743 3126 772 3186 d.
795 3126 915 3198 tribuit,
949 3126 990 3186 ita
1023 3145 1075 3205 ego
1109 3125 1242 3186 tribuere
1263 3143 1303 3187 ue

156 3223 233 3283 malo
267 3223 389 3303 quidem
421 3223 558 3285 sectatori
587 3224 714 3285 Nasonis
748 3224 853 3285 ausim.
903 3223 1058 3303 Compesci
1090 3241 1185 3303 equus
1217 3223 1302 3294 solet,

156 3321 265 3400 quippe
279 3320 402 3383 habenis
417 3340 545 3401 curaque
562 3323 668 3402 equitis
690 3323 813 3397 intenta,
837 3340 1026 3402 compescere
1048 3322 1112 3400 ipse
1127 3321 1302 3380 sabulonem

156 3436 217 3480 non
239 3426 358 3499 poterat
372 3420 431 3480 nisi
454 3438 525 3481 cura
540 3420 650 3499 pariter
670 3420 785 3482 intenta
809 3441 866 3500 qua
889 3421 992 3483 eadem
1016 3420 1105 3481 etiam
1121 3426 1199 3479 creta
1224 3418 1301 3498 apud

156 3517 313 3580 comicum.
348 3518 489 3592 Quaesita
505 3537 693 3598 quaeramus.
727 3519 788 3580 Iam
804 3537 898 3598 equus
921 3519 970 3579 ille
992 3519 1030 3578 de
1054 3536 1113 3598 quo
1130 3517 1226 3595 agitur
1241 3517 1303 3579 ric·

155 3617 285 3678 toriosus
304 3617 423 3679 rediens
455 3617 626 3697 graviter
654 3616 766 3678 incedit
793 3618 915 3696 eiusque
938 3615 1053 3678 tollitur
1076 3615 1302 3695 demittiturque

155 3716 265 3794 ungula
287 3716 375 3795 pulsu
403 3734 604 3794 generos03
638 3716 727 3794 igitur
760 3715 884 3777 habenis
918 3715 1011 3777 currit
1043 3713 1167 3775 minime
1199 3711 1302 3788 laxatis

155 3831 254 3893 neque
276 3822 494 3895 conquassante
524 3815 632 3893 ungula
655 3831 752 3893 neque
774 3814 919 3876 violenter
941 3813 1070 3875 tundens
1092 3813 1198 3884 solum,
1233 3830 1302 3873 cum

154 3912 328 3992 praesertim
343 3912 436 3974 leonis
460 3931 585 3992 corpore
602 3914 722 3974 dorsum
740 3920 906 3992 prematur3
930 3912 1064 3972 conscius
1088 3911 1127 3972 sit
1150 3909 1302 3988 dignitatis

154 4011 371 4090 saltantemque
386 4010 519 4073 imitetur
534 4030 629 4091 equus
644 4011 852 4090 triumphator.
882 4010 1016 4072 Voluisse
1032 4009 1157 4087 scriptor
1171 4008 1301 4068 videtur:

158 4108 382 4189 Concrispotque
402 4109 503 4171 salum.
540 4109 584 4170 lta
606 4108 685 4170 venti
707 4109 834 4189 crispare
849 4110 947 4170 solent
971 4117 1000 4170 ct
1023 4107 1155 4170 iucundo
1178 4106 1302 4186 tremori

155 4207 225 4269 dare
247 4226 329 4270 mare
357 4226 519 4270 summum.
547 4208 606 4269 »lta
628 4207 762 4269 saltantis
794 4208 925 4288 crispum
948 4207 1024 4268 latus
1048 4212 1093 4266 est
1117 4205 1208 4282 (Copa
1231 4223 1257 4264 v.
1281 4201 1300 4261 2

155 4307 306 4386 cf.‘Priap·.
323 4306 426 4367 XXVII
442 4327 466 4368 v.
485 4307 527 4386 2).
572 4307 615 4368 lta
638 4306 674 4367 de
696 4306 814 4369 Mosella
836 4306 986 4368 Ausonius
1008 4325 1034 4365 v.
1051 4302 1109 4364 63:
1135 4303 1219 4376 Quod
1240 4303 1301 4363 sul—

156 4415 220 4466 cata
243 4406 300 4468 leui
319 4409 464 4486 crispatur
486 4423 577 4466 arena
598 4417 703 4480 meatu,
725 4407 811 4487 aquis
831 4407 940 4487 quippe
961 4403 1141 4474 meantibus.

1105 4505 1140 4562 3*
