2924 5018
629 251 869 316 -133-

176 433 384 513 Chrysippeam
411 432 447 492 de
472 431 596 493 anthia
619 429 748 493 iabulam
770 447 940 511 comparere
963 428 1059 504 §182
1083 430 1319 493 redundantibus

175 531 307 611 paucrdis
328 529 439 599 verbis:
465 548 497 591 eo
520 532 570 610 qui
588 539 719 592 tenemur
739 527 905 591 mendeno
932 538 965 590 ut
987 529 1118 608 praecidi
1137 531 1240 609 possin
1267 531 1318 592 sed

174 631 254 710 quod
268 629 413 709 sequitur,
434 645 579 706 sargum
596 627 622 688 si
637 627 724 689 hamo
740 634 878 689 teneatur
892 625 1003 690 lineam
1019 634 1115 690 terere
1130 627 1166 690 ad
1181 628 1319 708 scopulos

173 768 214 776 -
245 748 303 810 qua
341 729 378 789 de
414 746 501 790 causa
537 726 703 790 Numenius
740 735 829 808 poeta
846 726 893 789 vin
928 728 964 788 ir.
987 725 1064 789 xvu
1101 746 1171 789 eum
1206 729 1320 791 vocavit

173 823 291 888 ἄλλοτε
306 822 388 910 ἄλλῃ
405 821 621 887 ἐπικέλσοντα
637 822 938 910 λινοπληγέστατον
961 820 1062 903 lxdie
1076 861 1117 873 -
1131 825 1232 906 ignota
1247 826 1318 888 reli-

173 927 240 1006 quis
256 927 330 988 baec
344 944 393 987 res
408 924 542 997 videtum
562 924 636 987 item
651 925 689 988 de
703 925 818 988 stella
836 925 975 987 marina
990 929 1008 1000 §
1026 923 1095 1000 183,
1111 943 1178 989 cum
1193 943 1317 1006 prorsus

172 1025 287 1087 diversa
303 1024 457 1106 Oppianus
472 1023 578 1088 haheat
594 1024 619 1086 ll
640 1022 708 1100 182,
729 1026 765 1088 ad
783 1025 909 1088 verbum
925 1043 1019 1106 usque
1040 1024 1188 1087 consentit
1203 1024 1317 1087 husto-

171 1128 243 1190 teles
259 1147 286 1208 p.
301 1126 363 1190 548
376 1129 399 1189 Α
412 1127 431 1188 7
443 1125 493 1206 (ci.
506 1125 566 1189 681
580 1126 603 1187 Β
615 1125 662 1201 9);
676 1125 748 1187 item
764 1125 905 1205 dactyli
920 1128 939 1201 ἦ
955 1123 1012 1187 184
1023 1125 1116 1205 ignoti
1131 1125 1202 1200 iere,
1218 1144 1316 1205 nequo

172 1226 220 1288 hie
240 1227 309 1288 lons
324 1225 527 1289 aristotelicus
543 1225 660 1289 videtur
682 1223 761 1304 quod
783 1223 864 1285 idem
889 1224 927 1287 de
947 1224 1095 1304 unguibus
1116 1224 1224 1301 valeti
1241 1224 1317 1300 101;
1408 1247 1410 1251 ·

170 1325 208 1387 ri.
223 1325 330 1388 Athen.
344 1345 371 1406 p.
381 1324 425 1387 00
438 1324 471 1386 D.
502 1325 611 1387 Contra
627 1322 809 1386 Aristotelica
823 1341 926 1386 rursus
943 1323 1028 1387 video
1045 1341 1120 1405 quae
1136 1323 1172 1386 de
1186 1322 1316 1385 iuimi-

169 1421 272 1489 c'itiis
294 1424 447 1504 piscium
469 1432 557 1500 sunt;
579 1423 681 1487 eadem
704 1429 804 1484 autern
819 1421 971 1503 Oppianus
994 1419 1114 1485 exhibet
1128 1422 1155 1483 ll
1171 1420 1232 1483 253
1247 1439 1314 1504 sqq.

169 1523 244 1585 Nam
266 1522 438 1586 Aristoteles
460 1523 533 1587 haee
554 1543 582 1604 p.
599 1521 764 1585 utputo:
792 1517 948 1604 λαβραξ
968 1519 1101 1584 δὲκαὶ
1124 1519 1314 1600 κεστρεὺς

170 1619 483 1704 πολεμιώτατοι
512 1617 621 1695 ὄντες
643 1615 715 1683 κατ’
743 1616 851 1694 dulcor
872 1617 1007 1704 καιρούς
1037 1615 1313 1697 συναγελάζονται

169 1716 387 1804 ἀλλήλοις...
413 1716 491 1792 ζιόσι
507 1717 545 1782 δὲ
560 1716 766 1792 πολλάκις
787 1713 1042 1802 ἀφῃρημένοι
1066 1714 1105 1782 oi
1127 1730 1314 1806 κεστρεῖς

169 1816 238 1883 τόν
258 1822 398 1902 κέρκον
414 1817 478 1881 καὶ
503 1815 541 1882 oi
563 1811 729 1901 γόγγροι
752 1819 847 1901 μέχρι
870 1818 927 1901 τῆς
949 1813 1065 1892 ἐξόδου
1080 1815 1136 1901 τῆς
1152 1820 1313 1904 περιττό-

170 1935 266 1992 σειιις·
311 1913 568 1981 ἀπεσθίεται
609 1912 643 1980 δ’
678 1911 697 1980 ό
725 1914 799 1999 μὲν
827 1915 1018 2001 κεστρεὺς
1047 1911 1128 1983 ὑπὸ
1158 1916 1312 2006 λάβρα-

168 2039 248 2094 κος,
278 2013 297 2082 ό
326 2016 371 2081 δὲ
399 2015 570 2101 γόγγρος
599 2013 675 2082 όπό
704 2019 917 2100 μοραλνης;
955 2016 1069 2082 Plinius
1095 2018 1183 2082 haec:
1221 2021 1313 2104 Mupil

166 2128 194 2179 et
222 2118 306 2200 lupus
334 2128 434 2181 mutuo
467 2119 528 2180 odio
564 2119 704 2198 stuprum,
738 2134 841 2197 conpar
873 2127 900 2179 et
930 2134 1053 2180 murena
1087 2120 1210 2184 condam
1236 2126 1311 2185 inter

165 2237 195 2281 se
228 2218 438 2299 ρτοοτοιλιιιιοε.
498 2217 531 2279 ln
566 2234 670 2296 graeca
706 2216 784 2279 sicut
818 2215 945 2278 traditur
982 2217 1130 2280 sententia
1168 2238 1206 2281 ne
1242 2241 1311 2284 sue-

166 2316 257 2398 picari
290 2316 410 2397 quidem
443 2315 513 2378 licet
544 2334 597 2378 cur
629 2314 766 2395 praerodi
799 2313 890 2376 cauda
924 2313 1011 2379 etiam
1038 2316 1156 2396 congris
1179 2317 1309 2383 dicatur:

166 2416 342 2481 sententiam
397 2433 533 2477 mancam
575 2413 684 2477 -Plinio
735 2414 808 2477 duce
857 2413 1042 2494 expleamus:
1097 2411 1225 2500 λάβραξ
1274 2414 1310 2482 dd

165 2512 222 2577 καλ
252 2512 497 2599 ’κεστρεός....
540 2508 818 2592 σοναγελόζονται
863 2507 1018 2595 ἀλλήλοις
1062 2508 1192 2601 ιόςπερ
1237 2517 1308 2582 καὶ

164 2613 340 2699 γόγγρος
369 2614 433 2678 καὶ
462 2611 659 2697 μύραινα·
701 2609 976 2693 σοναγελόζονται
998 2613 1060 2698 γὰρ
1084 2614 1246 2692 πολλάκις
1267 2614 1306 2684 od

112 2753 116 2759 =
163 2714 268 2798 μόνον
287 2710 496 2797 τοὶόμόγηνα
511 2733 572 2795 eqs.
604 2714 707 2796 Neque
727 2732 796 2776 voro
817 2714 892 2776 Plini
914 2714 1084 2778 mehercule
1105 2717 1213 2780 rectior
1235 2737 1306 2781 sen-

162 2815 257 2880 tentia
294 2822 345 2876 aut
386 2815 485 2875 minus
522 2813 661 2892 erigenda
696 2821 750 2886 est,
787 2813 867 2888 huno
902 2812 934 2875 in
971 2813 1109 2876 modum:
1154 2815 1244 2897 Mupil
1279 2831 1306 2882 et

163 2916 256 2996 lupus,
287 2932 389 2997 cmcper
415 2924 442 2978 ct
461 2931 584 2976 murena
605 2923 704 2975 mutuo
727 2912 789 2974 odio
810 2912 1100 2993 liupramsscoodom
1114 2932 1176 2996 eqs.
1222 2917 1305 2990 Quae

162 3025 328 3097 sequuntur
349 3016 426 3097 apud
447 3014 594 3078 Plinium:
625 3014 762 3095 polypum
784 3017 814 3076 in
842 3025 953 3078 tactum
975 3014 1084 3078 locusta
1109 3028 1195 3097 pnoet
1220 3021 1307 3099 uisi

161 3121 244 3180 ιἰιοοιο
259 3117 353 3180 vident
367 3119 482 3179 omnim
495 3117 654 3188 mutatum
679 3112 815 3177 locustom
830 3131 946 3194 conper3
966 3133 1071 3179 rursus
1082 3115 1222 3198 polypum
1234 3135 1304 3182 ιοιι-

158 3221 207 3298 pri
216 3217 353 3285 lacerant,
368 3215 506 3295 leguntur
517 3213 636 3294 quidem
648 3213 721 3277 haec
732 3213 1016 3294 apudhristotelem,
1029 3215 1089 3277 sed
1095 3214 1162 3279 alibi
1174 3216 1302 3297 paeon

163 3314 201 3377 12
213 3335 290 3396 sqq,
305 3315 345 3376 ita
368 3315 401 3376 ut
422 3312 471 3374 hic
492 3312 622 3393 primurn
645 3311 766 3375 conflari
780 3313 931 3376 rideamus
952 3314 1027 3395 duos
1041 3313 1207 3378 Aristotelis
1221 3317 1302 3387 locos

160 3415 291 3477 diversos
325 3413 377 3475 sed
410 3412 543 3475 eiusdem
569 3410 631 3474 fere
661 3412 839 3490 argumenti.
881 3413 967 3486 Quod
989 3432 1057 3476 vero
1084 3414 1168 3477 addit
1189 3416 1302 3480 Plinius

160 3513 256 3591 §186
279 3512 423 3575 amicitiae
439 3512 606 3592 exemplum
629 3530 694 3572 esse
716 3511 926 3575 ballaenam
948 3520 979 3574 et
1000 3514 1223 3587 musculum,
1246 3516 1302 3580 hoc

160 3612 297 3692 estquod
310 3612 461 3674 adtribuas
470 3609 569 3673 Stoico
582 3609 696 3672 arrctori
708 3609 757 3690 (cl.
765 3630 888 3694 suprap.
896 3610 964 3689 97);
977 3615 1167 3694 nequeenim
1178 3633 1301 3678 canuno

158 3719 316 3775 narrantur
350 3710 408 3772 nisi
440 3710 517 3790 apud
546 3710 738 3775 Plutarchum
760 3710 779 3771 l.
803 3711 822 3773 l.
844 3730 873 3792 p.
889 3708 989 3774 980P
1011 3720 1043 3774 et
1064 3712 1123 3776 981
1159 3724 1190 3777 et
1220 3717 1299 3796 apud

158 3810 327 3892 Oppianum
351 3811 373 3871 V
394 3810 431 3870 71
447 3828 527 3889 sqq.;
560 3809 597 3870 cf.
628 3809 740 3873 Aeliani
769 3810 805 3873 ll.
828 3811 862 3874 A.
877 3810 903 3873 ll
919 3809 959 3874 13
983 3813 1055 3887 ires
1082 3821 1181 3877 tamen
1209 3815 1298 3877 etiam

132 3963 134 3967 ,
159 3909 320 3973 Claudiano
333 3915 402 3971 nota
416 3917 521 3989 poetae
535 3908 566 3970 in
578 3908 703 3990 Eutrop.
718 3911 817 3973 11425
829 3913 902 3991 sq.);
923 3911 1001 3974 uodo
1014 3914 1236 3993 mopudndr'ucm
1251 3917 1299 3975 ιἰι-

156 4012 293 4090 festantia
311 4008 497 4088 respondent
519 4007 676 4088 Oppianeis
709 4004 804 4093 ὀλίγη
834 4005 973 4074 πόντοιο
1002 4005 1096 4090 χόσις
1121 4012 1160 4092 (v.
1184 4011 1238 4092 78)
1268 4020 1299 4074 et

156 4107 339 4172 Plutarcheis
383 4102 537 4188 βρόχεσις
578 4108 622 4168 vel
661 4109 796 4186 τέναγος
837 4108 880 4172 rel
916 4108 1074 4193 πορθμός
1110 4106 1297 4188 όυςέξοδος;

154 4217 309 4290 praenotet
331 4205 444 4271 Plinius
468 4206 547 4286 quod
570 4204 745 4271 Plutarchus
768 4205 976 4292 προνήχεται.
1023 4210 1081 4273 Sed
1104 4217 1205 4273 tamen
1227 4211 1296 4292 quia

156 4309 338 4389 Chrysippus
359 4325 411 4369 sua
432 4315 464 4370 et
483 4307 548 4386 ipse
569 4305 690 4369 aliunde
704 4307 975 4389 hauriretsneoessc
996 4307 1062 4382 luit,
1084 4325 1182 4391 neque
1198 4310 1296 4374 omnia

155 4427 191 4471 er
213 4407 385 4479 Aristotele,
414 4405 523 4470 rectius
546 4405 700 4488 Chrysippi
722 4415 825 4471 auctor
846 4407 989 4473 hislocis
1022 4408 1138 4490 excerpi
1159 4429 1176 4475 a
1198 4410 1293 4477 Plinio
