2924 5018
618 333 657 345 -—
710 300 770 364 127
815 332 859 346 ⁴—-

164 482 298 554 tempore
310 474 437 536 indicato
447 474 541 555 ipsius
557 475 693 537 Dieuchis
709 483 788 537 aetas
801 483 901 537 notata
917 476 1006 537 terea
1022 475 1131 536 Galeno
1148 475 1260 537 Comm.
1276 476 1307 536 in

164 573 299 653 llippocr.
317 573 354 634 de
370 580 430 634 nat.
447 574 529 634 hom.
540 573 589 634 XV
600 593 628 654 p.
643 572 703 636 136
716 574 812 636 lldhn.
836 575 938 654 ltaque
954 574 1042 635 etiam
1055 572 1202 634 vetustior
1212 576 1307 634 aelate

162 671 300 733 Nicandri
321 672 394 734 alter
419 672 467 734 ille
493 680 578 752 poeta
604 673 694 736 fuerit
719 691 839 736 neccsse
867 680 912 734 est
938 672 1046 754 quiin
1073 690 1199 733 recensu
1225 672 1307 733 audit

162 767 339 842 Καικίλιος
362 771 419 846 (vel
445 769 544 852 potius
576 767 744 848 Καίκλιος)
773 760 970 854 δ’Λργείος,
994 770 1024 831 in
1051 754 1219 832 coniectura
1246 772 1307 832 ele-

160 869 242 946 ganti
267 864 450 930 Neinehiana
477 867 643 941 Καίκαλος
669 871 713 931 vel
740 867 891 943 Κίκαλος.
934 868 971 931 At
998 888 1067 932 vero
1094 868 1123 930 in
1149 869 1306 931 nominum

160 969 387 1048 litterarumque
413 968 519 1030 ordine
544 969 622 1048 apud
648 969 770 1030 Snidam
798 968 928 1031 Eudocia
954 969 1128 1031 concinente
1157 965 1308 1040 Κικίλιος

160 1067 285 1146 ponitur
298 1060 317 1128 δ
332 1061 496 1148 Ἀργείοςς
518 1067 625 1147 quodsi
646 1067 817 1130 facillimum
838 1067 975 1130 lectionis
999 1069 1159 1131 statuimus
1175 1085 1306 1129 errorem

160 1165 429 1246 coniungimusqne
446 1168 481 1227 Λ
498 1175 528 1228 et
545 1170 572 1240 1,
599 1169 735 1239 Κικτνος
750 1167 854 1228 evadet
873 1161 891 1228 ὁ
907 1160 1064 1248 Ἀργεῖος,
1089 1166 1168 1247 quod
1196 1183 1307 1227 nomen

159 1285 195 1326 ex
211 1265 298 1346 Corp.
314 1265 400 1326 inser.
413 1283 457 1344 gr.
470 1265 494 1325 ll
508 1264 602 1336 3173,
614 1265 654 1325 27
670 1269 762 1341 (anne
779 1260 959 1336 Διονύσιος
978 1261 1149 1339 Κικίνοοῗ)
1173 1264 1306 1325 innotuit

159 1364 239 1426 velut
260 1365 375 1436 Κίκιος
389 1363 567 1442 Epidaurius
581 1384 617 1426 ox
632 1365 718 1426 Snida
735 1383 757 1425 s.
775 1382 800 1425 v.
821 1356 1022 1446 Κλεομήδης.
1056 1363 1157 1435 Qualia
1175 1381 1244 1424 vero
1260 1363 1306 1423 vel

159 1462 277 1524 ticeli
288 1461 375 1532 ,velt
383 1461 471 1523 icini
484 1458 547 1544 ἔπη
559 1461 672 1525 luerint
683 1463 763 1524 nullo
775 1462 896 1541 vestigio
909 1461 1069 1541 antiquitas
1081 1461 1183 1524 relicto
1197 1460 1305 1522 evesti-

158 1562 220 1640 gari
235 1560 395 1640 prohibuit.
419 1561 631 1622 Numeniani
646 1567 748 1624 contra
760 1560 899 1623 carminis
914 1561 1011 1639 imago
1023 1580 1038 1620 ε
1050 1559 1225 1638 fragmentis
1236 1559 1307 1620 hinc

159 1659 240 1721 illinc
251 1660 392 1721 coniectis
405 1659 489 1739 qnasi
503 1659 627 1722 tessellis
639 1659 802 1722 tessellaria
813 1659 886 1720 satis
899 1658 1025 1720 dilucida
1038 1657 1101 1720 erit.
1126 1657 1163 1718 Et
1175 1657 1305 1737 primum

159 1758 280 1839 quidem
296 1758 505 1829 sollertiorem,
520 1758 626 1837 quihus
641 1758 804 1839 periculum
814 1757 907 1838 pisces
924 1757 1051 1835 elingere
1067 1757 1193 1828 soleant,
1205 1774 1307 1817 exem-

159 1859 205 1938 pla
232 1856 414 1918 Numenium
441 1857 601 1937 protulisse
627 1875 687 1917 non
714 1857 856 1925 videmus,
880 1855 1014 1918 videmus
1041 1854 1167 1935 piscium
1183 1854 1306 1916 nomina

158 1966 395 2027 enumerantem,
408 1975 440 2018 ea
457 1965 558 2018 tamen
574 1974 636 2017 non
652 1956 814 2017 stationum
828 1955 972 2016 variarum
990 1955 1067 2015 sicut
1081 1953 1239 2026 inclinio,
1255 1953 1306 2014 sed

159 2055 292 2141 ipsorum
309 2055 446 2135 captandi
468 2054 659 2117 artificiorum
684 2055 798 2117 ratione
821 2053 929 2116 hahita.
960 2053 1051 2132 Igitur
1072 2050 1216 2132 proticisci
1239 2051 1307 2112 inde

158 2153 272 2216 solebat
293 2164 327 2215 ut
354 2171 451 2216 escam
474 2154 600 2233 aliquam
627 2153 843 2234 anquirendum
859 2152 1154 2233 praeparandumque
1170 2151 1305 2212 doceret:

158 2253 198 2314 ila
221 2252 299 2335 apud
316 2252 419 2314 Athen.
437 2251 529 2314 305A
556 2262 729 2325 „memento
756 2250 853 2333 inquit
876 2251 987 2312 etiam
1014 2249 1077 2310 eius
1105 2268 1188 2310 escae
1215 2266 1303 2328 quam

159 2352 191 2413 in
221 2369 339 2413 summo
370 2351 455 2413 litore
487 2352 631 2425 invenies
662 2351 791 2412 inlorum
823 2346 1190 2428 cicadarumque“(ir.l);
1219 2355 1306 2408 aute-

158 2457 287 2511 cesserat
312 2449 401 2528 igitur
428 2450 524 2511 verbis
552 2451 597 2511 his
625 2449 714 2511 etiam
740 2449 814 2510 alius
836 2467 921 2510 escae
937 2446 1051 2509 mentio
1066 2446 1160 2527 qualis
1176 2453 1222 2507 est
1237 2465 1262 2506 ο.
1278 2462 1305 2522 g.

159 2548 265 2612 Athen
282 2547 388 2612 306οε

264 2687 363 2749 Τοϊσί
403 2707 460 2750 κεν
498 2682 625 2768 ἄρμενα
661 2682 781 2748 πάντα.
816 2681 1070 2766 παροπλίσσαιο
1100 2679 1138 2744 δὲ
1167 2682 1306 2763 βρῶμα

994 2778 1024 2858 l?
1038 2781 1126 2863 μῦρα
1141 2779 1219 2856 libri)

264 2880 432 2965 Κούρολον
458 2879 477 2965 ἢ
504 2892 630 2965 πηρϊνοι
655 2879 675 2965 ἢ
702 2880 851 2964 εἰναλίην
877 2875 1038 2964 ἕρπιλλαν
1052 2880 1100 2957 (ir.
1115 2879 1172 2958 ll);

157 3033 227 3082 nam
241 3014 465 3103 παροπλίζειν
477 3020 537 3082 sive
548 3021 733 3100 genusverbi
749 3022 881 3083 medium
897 3021 990 3084 mavis
1002 3037 1070 3082 cum
1082 3020 1140 3080 hoc
1155 3019 1218 3080 loco
1233 3017 1303 3079 soli·

157 3128 217 3181 um
242 3119 393 3181 notionem
416 3118 524 3182 habere
547 3136 632 3182 snam
647 3138 709 3182 non
725 3121 828 3201 possit,
851 3119 939 3182 umal
957 3135 1065 3200 perere
1086 3119 1180 3180 cibam
1209 3117 1304 3178 inter·

157 3218 329 3299 pretaberis‚
345 3218 456 3280 dictum
472 3219 548 3280 sicut
563 3213 715 3290 ὁπλίζειν
730 3218 830 3282 δαῖτα
845 3220 890 3280 vel
914 3216 1063 3280 δεῖπνον.
1093 3216 1190 3294 Atque
1205 3230 1303 3275 escam

158 3336 223 3379 esse
240 3317 329 3377 etiam
346 3317 445 3396 plures
461 3317 618 3397 pisciculos
634 3318 743 3389 voluit;
766 3318 885 3399 scripsit
900 3316 979 3378 enirn
997 3315 1046 3395 (fr.
1063 3314 1128 3393 llll:

258 3441 276 3529 η’
285 3445 382 3533 βαιῇ
408 3443 521 3530 καρίδι
548 3444 617 3522 καὶ,
642 3447 673 3509 εἴ
698 3467 782 3510 ποτε
804 3431 983 3530 βεμβράδι,
1011 3445 1101 3527 κείνῃ

261 3539 336 3632 ζωῇ
352 3542 657 3628 δπαγραίσσοιο·
672 3544 716 3607 τὰ
729 3544 766 3608 δὲ
782 3547 927 3628 σκέψαιο
942 3540 1079 3624 δέλετρα
1093 3540 1173 3621 (Ath.
1185 3537 1302 3615 287Ci;

156 3699 248 3762 refert
262 3698 374 3761 scilicet
396 3697 493 3761 rivere
515 3694 673 3761 bemhrada
697 3717 785 3779 quam
809 3697 906 3778 capias
928 3702 961 3758 ut
975 3714 1031 3776 pro
1047 3712 1111 3757 esca
1126 3692 1181 3768 sit;
1203 3702 1302 3766 neque

157 3798 237 3860 euim
253 3796 310 3858 nisi
325 3790 488 3878 spirantem
505 3797 629 3877 piscium
646 3797 781 3880 plerique
795 3803 927 3875 tangent.
953 3795 987 3857 In
1002 3792 1110 3875 quihus
1126 3792 1300 3855 adiectirum

156 3891 259 3979 ἧβαιή
295 3895 359 3957 sine
396 3895 553 3975 negatione
588 3895 720 3976 positum
751 3896 791 3958 ita
828 3903 874 3957 est
909 3894 989 3955 velut
1024 3892 1102 3971 apud
1132 3884 1301 3972 Oppianum

156 3994 353 4058 nativum.
380 3996 478 4076 Atque
492 3996 527 4058 ad
539 4014 622 4059 oscas
632 3994 815 4075 pertinuisse
827 3993 916 4056 etiam
929 3991 1052 4054 nom-ina
1066 3991 1114 4053 illa
1123 3989 1302 4051 ridebuntur

155 4092 315 4157 herbarum
329 4086 465 4177 φύλλον
478 4089 511 4156 δ’
527 4088 602 4155 dur?
619 4089 775 4174 ἄσπαρτα
791 4089 857 4154 κτλ.
868 4091 947 4171 apud
959 4090 1066 4152 Athen.
1078 4087 1170 4148 371·ss
1184 4085 1299 4163 (ian),

156 4195 192 4255 cl.
210 4213 233 4254 e.
248 4210 276 4272 g.
294 4192 406 4255 Aeliani
420 4192 473 4252 llll
489 4192 545 4264 423
568 4191 662 4253 ultimi
679 4200 777 4252 autem
795 4189 956 4252 hexametri
974 4185 1077 4272 ράφιν
1098 4180 1130 4247 τ’
1154 4180 1302 4266 ἔμπεδον

155 4291 212 4355 καί
236 4286 378 4354 κανλίδα
399 4287 432 4352 τ’
456 4285 634 4372 ἀγροιῶτιν
656 4308 723 4350 cum
746 4308 800 4368 pes
822 4290 929 4351 tertius
945 4287 1186 4367 supplementum
1210 4299 1300 4341 omne

154 4400 277 4470 respuat
301 4390 510 4452 duo‘fortasse
536 4389 609 4451 haec
635 4397 728 4450 metra
755 4388 882 4450 suntin
909 4405 1001 4448 unum
1029 4383 1194 4445 contracta
1238 4380 1300 4440 lam

155 4507 218 4551 non
234 4496 321 4551 antea
334 4487 499 4550 Numenius
514 4487 607 4568 ipsam
626 4487 822 4568 piscationem
837 4502 993 4566 aggressus
1014 4491 1059 4544 est
1085 4498 1172 4561 quam
1200 4477 1300 4540 docuit
