2924 5018
682 333 927 397 -196-

235 512 378 575 mentiae:
414 512 527 575 scilicet
549 512 663 575 demens
684 530 751 572 cum
774 497 825 571 ter¹
845 510 877 571 in
905 507 980 569 libro
1003 506 1098 587 primo
1121 503 1251 584 legerim,
1285 502 1378 564 semel

157 600 160 605 '
235 612 266 674 in
290 619 395 693 quarto
416 611 466 691 (lv
485 611 533 685 13,
552 610 613 687 17),
641 620 740 673 tamen
770 609 802 671 in
831 607 963 669 secundo
985 605 1096 667 frustra
1119 603 1248 683 requiro,
1278 620 1377 683 neque

235 711 328 792 ipsam
352 709 530 773 dementiam
554 709 610 771 nisi
637 709 668 771 in
691 708 787 790 primo
810 705 1018 790 animadverto.
1064 704 1159 783 Atque
1184 702 1272 763 etiam
1295 700 1377 762 valde

236 828 339 872 vereor
372 829 411 873 ne
443 810 567 891 insuper
593 808 710 871 accedat
733 826 834 870 versus
857 807 893 868 lv
917 804 946 879 3,
970 805 999 864 7.
1044 803 1129 876 Quod
1153 802 1233 864 enim
1256 800 1376 862 solitum

236 918 282 973 est
304 909 420 991 placere
443 907 618 970 lectoribus:

337 1053 410 1127 Quis
431 1053 515 1116 furor
537 1060 591 1126 est,
614 1052 691 1134 quae
713 1069 808 1120 meus,
831 1052 939 1113 densos
960 1048 1099 1128 indagine
1122 1048 1209 1109 colles

379 1153 571 1216 claudentem
595 1160 712 1215 teneras
735 1152 850 1214 laedere
873 1151 945 1212 velle
972 1167 1078 1211 rnanus

235 1308 313 1362 stare
344 1318 433 1380 posse
465 1298 537 1362 illud
570 1317 641 1381 quoe
663 1317 742 1361 meos
768 1314 829 1360 nou
860 1298 930 1359 satis
960 1295 1033 1358 mibi
1058 1304 1271 1376 persuaserunt
1294 1310 1376 1353 com·

237 1400 449 1462 menteriorum
477 1397 650 1479 scriptores;
684 1398 813 1478 primum
844 1397 924 1458 enim
954 1396 1032 1476 quod
1057 1394 1178 1474 Vulpius
1201 1391 1379 1472 comparavit

237 1498 340 1560 Catulli
358 1499 407 1570 15,
425 1497 464 1558 14
496 1496 581 1570 Quod
607 1501 634 1558 se'
659 1504 685 1559 te
711 1495 790 1559 molo
817 1514 896 1558 mens
928 1497 1068 1575 feramque
1101 1510 1212 1563 vecors,
1246 1509 1374 1570 quocum

237 1597 396 1677 coniungas
418 1595 525 1676 Vergili
549 1596 621 1658 den.
643 1596 669 1658 ll
691 1594 753 1656 519
777 1597 857 1670 Qooe
878 1615 958 1657 mens
979 1605 1039 1656 1111
1062 1590 1150 1654 dero?
1179 1592 1241 1653 dari
1262 1589 1378 1651 Tibullo

238 1716 357 1779 quoque
380 1694 505 1758 debebat
528 1714 600 1777 quoe
620 1695 700 1757 molo
719 1714 798 1757 mens
826 1694 870 1755 vel
899 1713 970 1775 prece
997 1683 1193 1754 mens'nullo.
1239 1689 1379 1751 Horatius

238 1804 338 1859 autem
360 1795 455 1857 Carne.
471 1793 484 1855 Ι
501 1795 550 1870 16,
566 1792 606 1853 22
630 1812 770 1874 compesce
792 1803 912 1856 11111111
934 1810 996 1854 111
1018 1790 1187 1871 scripsisset
1211 1789 1269 1851 nisi
1293 1807 1377 1850 men-

237 1903 298 1957 tem
327 1894 440 1974 pucllae
473 1893 646 1955 iracundam
672 1912 738 1954 esse
760 1892 856 1972 (11.1.
874 1890 906 1972 6)
935 1891 1064 1953 carmine
1093 1898 1157 1952 toto
1186 1890 1379 1951 decantasset.

238 1993 371 2077 [lenique
401 1991 480 2073 quod
509 1992 585 2072 apud
616 1992 763 2054 Nasonem
786 1991 855 2052 11111.
871 1992 893 2049 V
912 1989 950 2052 14
973 1990 1108 2070 Cepheus
1137 1988 1287 2068 compellit
1308 1985 1380 2047 Pbi-

238 2110 329 2154 neum
354 2090 435 2163 Quoe
457 2100 489 2162 te,
511 2108 655 2171 permane,
676 2091 821 2168 [urentem
837 2089 916 2150 Meos
937 2093 994 2169 opit
1015 2092 1045 2150 lo
1066 2085 1206 2166 sociacus?
1229 2087 1308 2148 idem
1324 2086 1380 2146 hoe

239 2209 305 2252 esse
337 2197 427 2270 atque
459 2189 550 2269 „quid
580 2189 687 2267 cogitas
716 2187 817 2249 lurore
843 2192 915 2249 tuo“
949 2188 1196 2267 interrogationes
1225 2205 1299 2266 quae
1332 2185 1381 2245 in-

239 2299 407 2368 sequuntur
439 2288 509 2351 satis
542 2287 707 2364 declaraut3
741 2296 845 2350 nostro
876 2288 940 2349 loco
970 2287 1127 2349 tolerarem
1158 2286 1277 2368 quidem
1301 2285 1382 2358 Qveoe

239 2407 327 2462 mens,
342 2391 404 2470 puis
416 2390 505 2467 soror
518 2383 583 2451 est?
606 2386 689 2468 quasi
705 2385 815 2466 seipse
831 2386 978 2466 corrigere
995 2386 1122 2467 scriptor
1137 2387 1231 2447 vellet.
1263 2383 1381 2445 Tradita

194 2548 197 2553 .
239 2487 333 2549 lurori
356 2504 445 2566 quam
461 2486 554 2548 menti
570 2484 710 2548 viciniora
734 2504 799 2547 esse
822 2485 934 2560 sentio:
957 2486 1064 2566 quippe
1079 2485 1195 2564 roganti
1211 2488 1273 2566 petis
1295 2483 1382 2563 [orror

240 2583 302 2649 est?
330 2584 531 2666 respondebo:
556 2584 659 2673 „furor
674 2589 828 2664 magnus“,
851 2592 881 2646 at
903 2584 1011 2646 iterum
1035 2605 1106 2666 qnae
1128 2580 1230 2646 meos?
1252 2581 1381 2660 roganti:

242 2684 372 2759 „furiosa
395 2683 522 2760 scilicet:
552 2702 590 2745 an
617 2688 751 2746 furorem
782 2683 871 2745 modo
900 2701 1039 2763 magnum
1067 2684 1175 2746 frustra
1203 2677 1409 2744 diximum

240 2785 342 2865 ltaque
371 2784 443 2846 dum
477 2783 620 2846 benevolo
653 2791 758 2864 poetae
790 2782 888 2862 legere
921 2783 1075 2845 consuevi:
1111 2784 1183 2858 Quis
1213 2782 1302 2862 ferror
1333 2789 1382 2850 est,

241 2883 368 2953 demens,
397 2881 520 2945 ducibus
548 2882 666 2964 quidem
690 2882 788 2944 Ilouza
810 2889 899 2963 atque
921 2881 1115 2945 Broulrhusio.
1159 2881 1261 2945 Unum
1282 2888 1382 2942 tamen

241 2983 338 3045 locum
361 2981 544 3063 reliquimus,
568 2981 669 3044 Horati
691 2980 784 3062 Epist.
801 2979 859 3056 12,
875 2981 933 3044 60:

553 3170 570 3200 ⁴
643 3123 699 3197 Qui
721 3144 784 3187 non
807 3125 1006 3189 moderabitur
1027 3125 1097 3199 irae,

342 3222 487 3286 lnlectum
510 3224 590 3285 volet
611 3242 686 3296 esse,
709 3223 794 3286 dolor
816 3225 895 3306 quod
917 3224 1044 3288 suaserit
1065 3233 1094 3287 et
1117 3243 1211 3299 meus,

342 3322 418 3385 llum
441 3339 551 3404 poenas
574 3321 641 3385 odio
664 3341 717 3403 per
738 3321 798 3384 vim
819 3323 942 3388 lestinat
961 3324 1067 3388 inulto.

342 3420 387 3485 lra
409 3421 493 3484 luror
514 3421 610 3484 brevis
633 3429 689 3484 est.
733 3421 874 3486 Animum
897 3441 976 3504 rege.

243 3597 330 3660 quem
358 3579 418 3641 iam
449 3579 543 3641 errori
564 3580 752 3662 perapposite
783 3579 952 3661 eripiemus.
1003 3580 1076 3644 Nam
1107 3589 1137 3642 et
1168 3588 1299 3643 mentem
1328 3598 1382 3661 pro

242 3678 342 3740 lurore
365 3687 394 3739 et
416 3678 550 3741 dolorem
573 3697 627 3759 pro
649 3679 711 3760 ipsa
734 3679 777 3742 ira
800 3679 932 3760 accipere
948 3680 1077 3743 editores
1093 3681 1270 3743 clarissimos
1286 3680 1379 3753 video,

244 3776 323 3856 quod
339 3783 501 3857 utrumque
516 3783 596 3839 recte
612 3777 722 3840 babere
739 3776 856 3856 dubito3
879 3796 1001 3843 necesse
1017 3788 1062 3842 est
1073 3779 1153 3843 enim
1165 3780 1339 3862 scriptorem
1352 3780 1383 3840 in

244 3893 302 3937 una
324 3875 484 3956 eademque
514 3874 713 3956 disputatione
735 3875 812 3938 vocis
841 3879 930 3940 unius
960 3896 1050 3941 unam
1073 3886 1189 3944 tantum
1212 3889 1383 3961 certamque

243 3974 487 4055 significationem
521 3991 650 4037 servare:
683 3974 783 4065 itaque
812 3976 897 4039 dolor
929 3977 999 4059 quid
1029 3989 1108 4042 esset
1129 3998 1219 4043 versu
1234 3980 1273 4042 55
1297 3987 1382 4061 poeta

244 4073 396 4147 stabilivit,
430 4073 538 4155 quippe
571 4091 632 4136 non
665 4074 707 4137 ira
734 4075 813 4158 ipsa,
846 4076 898 4138 sed
930 4076 991 4141 irae
1019 4079 1117 4160 potius
1145 4079 1240 4142 exitus
1269 4078 1382 4160 quodve

245 4192 360 4255 poenae
392 4173 454 4236 vice
487 4172 629 4254 fungitur.
678 4175 772 4238 Porro
807 4176 938 4259 pessimo
970 4177 1111 4242 Horatius
1138 4198 1277 4242 sermone
1309 4195 1381 4239 usus

212 4287 215 4293 ·
245 4281 334 4346 essct,
362 4273 397 4347 si,
431 4291 498 4335 cum
527 4273 663 4336 11159
685 4274 717 4336 11
738 4276 849 4356 protasi
879 4284 909 4338 et
930 4296 957 4338 v.
974 4275 1014 4339 62
1041 4277 1072 4340 in
1095 4278 1285 4341 conclusione
1307 4276 1381 4338 iram

246 4380 379 4452 poneret,
407 4372 465 4435 iam
494 4373 592 4436 medio
620 4372 683 4435 loco
707 4392 767 4437 non
788 4375 961 4457 simpliciter
981 4376 1146 4458 scripsisset
1167 4376 1241 4458 qood
1262 4383 1384 4442 suaserit

245 4472 419 4535 —scilicet
452 4472 527 4534 iram
559 4492 623 4537 esse
656 4492 731 4555 quae
758 4476 894 4539 suaderet
922 4476 965 4539 vel
998 4476 1069 4558 lippi
1092 4474 1233 4538 vidissent
1255 4513 1306 4553 -,
1330 4479 1382 4540 sed
