2924 5018
619 286 840 351 ..93-

160 459 252 521 semel
283 458 377 538 tangit
397 456 471 534 §88
502 461 625 523 minime
649 462 806 541 placitum·
823 470 969 526 memorat
997 465 1049 526 sed
1078 464 1115 526 ab
1145 484 1180 526 eo
1210 482 1307 543 nuper

161 560 295 620 ellectum
310 559 468 638 sphaeram
491 579 571 636 essm
600 567 690 640 atque
709 561 881 623 Panaetium
904 561 1104 636 §libatiam
1125 562 1307 624 contrarium

160 675 224 738 suo⁸
238 657 351 719 auctori
375 676 441 718 esse
462 663 587 719 testatur
612 658 670 719 boc
683 658 811 720 frustulo
827 659 952 721 iniecto:
975 663 1044 735 „lie
1065 678 1120 741 qaeu
1139 671 1308 723 evecturum
1407 674 1412 682 ’

159 755 380 834 nostri-petunt
401 756 430 816 id
452 755 485 818 dc
508 773 562 836 quo
585 756 760 819 Panaetium
783 758 952 821 addubitare
974 760 1141 835 dicebant‘3
1172 759 1251 841 quod
1274 766 1308 820 ut

160 854 238 916 miro
254 855 345 915 modo
360 854 476 919 dietum
491 863 537 916 est
552 873 605 935 pro
621 855 804 918 addubitasse
826 857 932 931 dicent,
954 858 996 920 ita
1009 865 1114 919 tamen
1128 857 1304 920 Panaetium

160 959 253 1014 stota
266 952 471 1032 disputatione
490 955 577 1033 plane
595 953 732 1016 excludit
775 954 911 1036 Denique
939 957 966 1018 si
990 976 1026 1018 ex
1046 956 1168 1018 Panaeti
1188 963 1305 1018 tantum

160 1059 212 1113 ant
227 1051 367 1112 Posidoni
385 1051 532 1130 operibus
549 1052 649 1114 Cicero
666 1051 863 1132 Chrysippum
888 1072 957 1116 eum
972 1042 1094 1134 reliquia
1110 1054 1306 1133 cognovisset,

159 1151 268 1212 horum
283 1149 436 1229 ‚equidem
461 1150 626 1212 sententias
648 1151 737 1213 dmul
752 1158 787 1213 ut
801 1152 939 1213 edoceret
953 1159 1004 1214 aut
1020 1152 1224 1230 cognitassibi
1239 1171 1306 1215 esse

159 1249 304 1311 indicaret
327 1249 521 1328 flagitandum
548 1257 634 1312 esset.
678 1250 782 1330 ltaque
809 1266 873 1312 non
898 1250 970 1312 satis
997 1251 1099 1313 mirari
1125 1269 1248 1330 possum
1272 1251 1308 1312 de

160 1354 289 1427 utroque
312 1366 414 1417 revera
440 1365 538 1428 nuper
562 1348 707 1427 cogitasse
726 1348 890 1410 Hirzeliam
916 1367 984 1410 cum
1011 1349 1121 1411 librum
1146 1349 1308 1412 denatura
1380 1417 1382 1421 ,

160 1447 285 1508 deosum
299 1447 428 1509 alterum
450 1452 643 1527 pertractaret
665 1447 984 1525 inUntersuchungen
1005 1466 1043 1509 zu
1057 1445 1183 1510 Cicero's
1198 1447 1306 1526 philos.

162 1545 314 1607 Schritten
329 1545 342 1605 l
356 1564 385 1624 p.
404 1545 462 1606 191
477 1564 542 1624 sqq.
559 1544 680 1622 (1877),
702 1554 732 1606 et
747 1544 868 1623 quidem
883 1552 1042 1624 postquam
1064 1545 1096 1606 in
1112 1544 1307 1607 Posidonium

159 1643 262 1705 innuit
277 1643 509 1714 -Seboamannus
534 1642 605 1718 (Cio.
621 1642 658 1703 da
673 1649 733 1705 nat.
748 1642 794 1703 de.
811 1661 839 1721 p.
858 1641 896 1700 17
905 1660 912 1702 :
940 1660 972 1704 er
994 1642 1132 1704 kounte
1152 1643 1214 1704 dies
1237 1644 1307 1705 alles

161 1742 237 1803 auch
250 1742 331 1803 baim
346 1741 524 1803 Posidonius
547 1740 671 1820 finden),
694 1740 726 1803 in
742 1739 915 1803 Panaetium
931 1741 993 1802 Val.
1009 1741 1087 1803 Rose
1110 1741 1245 1819 (bristot.
1261 1763 1307 1823 ps.

160 1840 200 1902 ad
213 1840 252 1902 ir.
267 1839 357 1917 2551.
383 1844 522 1902 Attamen
542 1838 759 1919 hoeqnouiam
779 1838 960 1916 argumentis
981 1840 1056 1902 reris
1072 1847 1101 1901 et
1117 1859 1153 1902 ex
1167 1841 1229 1919 ipsa
1245 1841 1306 1903 dis·

161 1937 317 2020 putatione
333 1938 526 2000 Ciceroniana
540 1937 642 2018 petitis
656 1937 775 2018 probari
795 1937 832 1999 ab
845 1937 973 1999 Hirzelio
999 1955 1063 2001 non
1083 1938 1179 2012 rideo,
1206 1938 1308 2020 (atque

160 2037 224 2098 tale
243 2035 396 2116 proposito
411 2036 643 2100 tundamentum
658 2035 818 2099 substruit:
840 2035 890 2101 Bis
906 2035 960 2099 aui
973 2035 1118 2098 Weiteres
1132 2037 1217 2098 sind
1240 2039 1307 2100 wir

161 2134 405 2211 angewiesen‚
426 2134 459 2196 in
481 2135 534 2197 der
554 2141 726 2214 genaunten
742 2134 854 2197 Schriit
875 2135 926 2198 des
942 2135 1122 2199 Posidonius
1138 2137 1186 2198 die
1201 2136 1306 2208 Qualia

161 2233 217 2294 des
231 2232 383 2294 stoisohen
396 2234 534 2312 Vortrags
550 2252 588 2296 au
602 2234 721 2307 seben),
743 2232 859 2295 venum
883 2234 1081 2296 exumationis
1096 2235 1169 2296 mihi
1191 2235 1242 2296 det
1263 2236 1307 2298 vir

162 2330 352 2394 doctissimus
376 2331 456 2411 quod
478 2330 610 2410 piscibus
633 2331 707 2393 meis
723 2331 921 2409 urguentibus
936 2339 1143 2396 transcurrere
1158 2351 1222 2394 rem
1238 2352 1306 2412 gra·

159 2429 315 2492 sissimam
331 2430 441 2503 videor,
464 2447 562 2510 neque
578 2447 648 2491 eum
662 2430 801 2510 perlectis
817 2430 864 2493 bis
881 2429 955 2492 meis
970 2431 1091 2510 pagellis
1106 2431 1306 2493 dubitationes

160 2547 242 2590 meas
267 2528 392 2591 omnino
417 2527 658 2608 improbaturum
684 2546 747 2590 esse
761 2535 872 2607 spere..
899 2527 999 2590 Stabit
1019 2535 1099 2590 certe
1121 2528 1203 2603 illud,
1226 2530 1307 2609 quod

159 2626 231 2688 inde
246 2645 262 2688 a
277 2629 295 2700 b
313 2627 373 2689 154
386 2626 564 2689 Panaetium
586 2633 738 2689 auctorem
762 2644 828 2689 esse
850 2644 912 2688 non
933 2644 1022 2706 posse
1038 2627 1182 2690 Hirzelius
1206 2628 1308 2690 docuit

158 2723 288 2806 (ple)
303 2733 425 2806 propter
439 2724 707 2787 diuinationem
722 2725 870 2788 laudatam
886 2724 1026 2804 §lbisq
1039 2727 1119 2804 quod
1133 2726 1214 2788 idem
1228 2725 1308 2787 cadit

160 2825 227 2897 inb
244 2822 319 2898 1063
344 2822 418 2884 item
434 2821 517 2895 illud,
537 2821 732 2885 Posidonium
751 2830 902 2890 auctorem
924 2838 987 2884 non
1007 2841 1073 2885 esse
1092 2823 1124 2885 in
1140 2826 1158 2898 ξ
1174 2822 1234 2884 103
1257 2823 1307 2886 ubi

158 2921 406 3002 lu-‚uemaior
443 2938 553 3001 quam
596 2921 755 2986 dimidie
798 2933 882 3003 pars
919 2930 1049 2986 terrae
1092 2923 1307 2984 dicitur-cum

158 3015 392 3097 Ποσειδώνιος
413 3019 469 3082 καὶ
492 3015 524 3082 oi
547 3017 701 3083 πλεῖστοι
724 3019 788 3083 τῶν
811 3020 959 3084 ernincia
973 3040 1040 3084 eam
1062 3031 1142 3083 terra
1163 3021 1307 3084 maiorem

157 3118 323 3198 madebant
344 3108 420 3182 teste
436 3118 565 3182 Stobaeo
587 3119 640 3181 ecl.
655 3120 740 3199 phys.
755 3119 768 3180 1
784 3119 847 3181 bbt
870 3122 981 3199 (neque
1002 3136 1072 3182 vcro
1096 3119 1203 3200 legitur
1218 3111 1307 3201 Χρύ-

157 3228 292 3290 amnes
320 3217 384 3280 nai
407 3213 440 3280 oi
455 3215 640 3293 relaturos).
681 3217 717 3298 ld
739 3224 839 3281 autem
861 3226 940 3281 stare
961 3237 1049 3298 posse
1075 3236 1205 3298 pernego
1227 3219 1307 3298 quod

159 3317 231 3380 inde
257 3336 274 3378 a
293 3315 391 3392 §133
413 3317 486 3392 adt
505 3316 565 3378 154
587 3317 633 3381 ita
662 3325 863 3396 comparatam
891 3316 1125 3396 disputationem
1156 3316 1307 3378 Ciceronis

160 3415 234 3478 dicit
265 3422 298 3476 'ut
322 3432 393 3478 *non
425 3415 613 3495 adsumptam
643 3434 684 3476 ex.
702 3426 762 3477 uno
785 3423 908 3478 auctore
929 3414 983 3476 sed
1005 3433 1041 3475 ex
1063 3413 1179 3476 duobus
1201 3413 1307 3476 inscite

156 3515 397 3591 consarcinatam
431 3532 496 3576 esse
529 3522 678 3594 appareat.
723 3513 825 3592 ltaque
860 3530 917 3592 qua
950 3512 1023 3590 lege·
1046 3510 1124 3573 bene
1148 3512 1307 3573 cohaerere

158 3612 273 3676 emnia:
286 3613 441 3675 rideantur
463 3631 617 3693 exponam.
661 3609 872 3691 Dispositionis
893 3609 1075 3690 praemissae
1101 3610 1134 3671 in
1156 3610 1219 3686 bb,
1249 3615 1307 3689 qua

158 3719 260 3775 totum
279 3720 493 3792 argumentum
516 3710 725 3792 quadrifariam
741 3709 871 3772 Laribus
893 3708 1001 3771 Balbus
1024 3708 1169 3789 dispertit,
1192 3709 1306 3790 primus

157 3811 244 3874 locus
267 3828 324 3874 asse
347 3811 412 3873 deos
434 3810 595 3876 absolvitur
610 3810 641 3871 in
652 3811 676 3883 'b
691 3809 742 3883 44,
766 3809 838 3871 alter
852 3809 935 3870 locus
951 3807 1050 3888 quales
1063 3810 1128 3869 'dat
1151 3807 1196 3870 dei
1208 3807 1240 3869 iu
1257 3807 1307 3880 72,

159 3909 273 3971 tertius
294 3909 436 3971 mendam
458 3927 478 3970 a
500 3908 776 3971 dds-administrari
801 3907 935 3987 primum
967 3905 1008 3967 ita
1042 3912 1187 3968 tractatur
1214 3913 1249 3966 ut
1275 3905 1306 3964 in

158 4017 267 4071 natura
282 4009 414 4071 deorum
436 4009 530 4088 posita
550 4006 777 4069 administrandi
791 4005 885 4067 virtus
901 4003 1015 4066 dicatur
1030 4003 1167 4077 75-80,
1189 4002 1306 4076 deinde,

160 4115 197 4170 ut
226 4116 259 4179 et
291 4107 511 4189 sapientissime
542 4114 572 4168 et
588 4143 589 4146 =
604 4105 803 4185 pulcherrime
830 4103 1055 4166 administratus
1088 4101 1218 4163 mundus
1244 4100 1307 4179 ipse

156 4205 347 4279 observetur,
371 4225 407 4267 ex
429 4203 653 4267 admirabilitate
683 4210 783 4266 autam
806 4220 907 4265 rerum
929 4201 1150 4264 moderatorem
1178 4198 1306 4277 aliquem

157 4321 229 4368 essa
242 4305 407 4368 deducatur
422 4302 560 4376 dds-90,
580 4309 652 4364 tum.
662 4302 725 4381 ipsa
738 4300 952 4364 admirabilitas
964 4298 1188 4379 perlustrandis·
1201 4297 1306 4358 mundi

157 4404 294 4486 partibus
315 4405 511 4478 ostendatur,
535 4420 634 4483 eaque
661 4406 743 4464 recta
769 4399 961 4463 conclusione
985 4395 1202 4458 concludantur
1229 4394 1306 4457 132⁷:
