2924 5018
611 275 854 343 -131-

157 451 290 515 locorum
302 458 408 515 natura
418 451 495 532 apud
508 471 577 519 eum
590 451 741 515 divisionis
753 451 932 532 principium
945 447 1066 515 fuerat?
1080 450 1150 527 ideo
1162 451 1297 519 nomina·

157 546 267 621 tivum,'
296 568 357 613 non
387 551 583 615 accusativum
613 551 750 632 posuisse
778 550 913 619 uideatur
943 550 1027 616 cuius
1056 551 1181 615 verbum
1206 551 1299 615 fuerit

157 649 335 729 τέρπονται
351 652 453 730 (supra
468 670 497 731 p.
518 650 589 727 106)
616 651 661 712 rel
680 649 786 713 simile.
828 650 882 713 Cui
895 649 1057 731 suspicioni
1072 650 1255 715 accusativus
1267 649 1299 712 in

158 747 252 808 altero
267 747 332 810 loco
344 748 467 812 minime
482 749 567 813 obest
578 749 760 829 quotiterum
772 749 882 812 rariora
893 749 1016 823 nomina
1026 756 1113 828 poeta
1123 756 1207 813 curat
1221 748 1299 864 apud

158 846 317 924 piscatores
338 848 465 911 maxime
480 848 621 911 valentia:
643 847 685 908 ita
699 847 880 911 Athenaeus
884 846 994 911 3050·
1023 834 1299 930 Παγκράτηςδ’“
1281 869 1304 927 ο,

153 938 270 1026 Ἀρκὰς
306 941 340 1008 ἔν
369 943 500 1030 Ἔργοις
531 944 726 1020 θαλαττίοις
747 944 815 1029 την
840 943 955 1030 κίχλην
990 942 1165 1025 πολλοῖς
1210 941 1300 1009 ὀνό-

158 1046 278 1218 μαοίο
288 1060 371 1126 φησι
394 1041 621 1109 καλείσθω

259 1151 350 1239 ολή
339 1149 416 1240 dei
437 1153 552 1241 κίχλην
574 1151 771 1222 diedesa
736 1179 795 1242 την
816 1110 981 1242 καλαμῆις

218 1255 386 1338 σαῦρον
406 1253 619 1340 κικλήσκουσι
641 1256 697 1320 καὶ
720 1251 894 1340 αλολίην’
875 1260 1038 1342 copiosor
1132 1293 1133 1297 =

261 1350 422 1420 πιότατον
444 1354 586 1442 κεφαλῇ;
694 1404 696 1408 ι

159 1495 228 1539 nam
245 1475 359 1564 κίχλην
370 1467 460 1561 plane
470 1481 620 1562 pendebat
635 1500 650 1544 a
666 1479 779 1545 καλεῖν
791 1481 882 1544 verbo
894 1482 1074 1564 repoenique
1090 1478 1147 1544 οία
1161 1483 1302 1563 quoniam

160 1584 259 1658 neque
286 1575 336 1652 οἷς
361 1576 423 1663 ἤδη
446 1580 590 1642 librorum
617 1581 705 1642 habet
731 1597 790 1660 quo
813 1580 977 1661 explicetur
993 1600 1089 1662 neque
1105 1581 1210 1660 Bergki
1234 1577 1301 1644 olo'

159 1672 222 1759 ἤδη
238 1678 272 1739 ad
289 1687 496 1757 argumentum
513 1690 613 1761 aptum
627 1689 681 1742 est.
707 1680 775 1741 Fuit
789 1687 888 1741 autem
903 1680 955 1742 ubi
969 1679 1097 1760 scriptor
1111 1680 1307 1743 enumerandi·

161 1792 285 1837 munere
300 1777 402 1840 relicto
429 1779 569 1841 etiamad
591 1779 705 1841 fabulas
729 1778 866 1840 dicendas
889 1788 1073 1859 evagaretur:
1101 1796 1170 1842 narn
1195 1778 1247 1841 ubi
1272 1779 1303 1839 in

164 1874 285 1955 pompili
303 1875 406 1938 incidit
423 1878 603 1940 mentionem
619 1875 807 1956 verbis·(283
820 1877 874 1953 A):
895 1910 898 1915 ·

264 1988 437 2084 πομπίλος
459 1984 497 2067 ὃν
519 1996 694 2067 καλέουσιν
717 1998 876 2066 ἁλίπλοοι
901 1997 990 2083 ἱερὸν
1013 1998 1125 2082 ixdie,

162 2147 280 2192 sacrum
295 2151 395 2194 revera
411 2134 524 2214 piscem
544 2152 610 2196 esse
624 2133 737 2216 Epopei
760 2133 889 2197 maxime
903 2131 963 2196 lato
978 2133 1115 2198 firmabat
1129 2134 1239 2217 quippe
1254 2134 1309 2215 qui,

162 2249 230 2291 oum
258 2231 385 2312 cepisset
411 2233 581 2312 edissetque
608 2235 771 2314 pompilum
798 2232 874 2293 male
895 2231 1031 2312 periisset
1053 2233 1235 2312 addebatque
1257 2233 1304 2293 his

162 2329 285 2393 similia:
312 2349 386 2411 quae
412 2341 513 2394 tamen
535 2333 571 2395 ab
593 2352 628 2394 eo
655 2333 764 2414 scripta
781 2348 841 2392 non
858 2341 930 2393 sunt
946 2339 979 2395 ut
994 2340 1116 2395 naturas
1132 2331 1304 2395 animalium

162 2430 307 2509 panderet
332 2431 366 2492 ad
394 2425 618 2493 similitudinem
636 2431 773 2513 Oppiani,
796 2431 848 2492 sed
869 2439 1026 2513 postquam
1049 2433 1194 2514 plurimos
1210 2431 1305 2512 pisces
1348 2447 1351 2455 ·

163 2529 231 2611 capi
263 2529 352 2593 iussit
374 2530 435 2593 iam
462 2530 543 2593 hunc
564 2550 658 2609 unum
686 2550 751 2596 esse
773 2533 828 2614 qui
846 2549 911 2596 non
940 2541 1094 2615 caperetur
1121 2530 1306 2613 argumentis

163 2627 277 2703 idoneis
299 2629 459 2693 muniebat

250 2728 336 2804 Quod
354 2729 502 2810 reliquum
518 2736 564 2793 est
578 2729 730 2809 silentium
745 2739 800 2794 est.
831 2730 933 2813 Neque
947 2690 1028 2795 enim
1049 2729 1086 2793 de
1101 2728 1307 2793 Posidonio

163 2827 316 2893 Corinthio
337 2827 498 2909 quidquam
520 2836 635 2891 constat
654 2829 712 2892 nisi
733 2829 882 2910 aliquanto
905 2829 1027 2912 propius
1043 2847 1114 2903 eum
1129 2846 1218 2911 quam
1234 2827 1308 2891 reli-

163 2945 239 3009 quos
265 2926 400 2990 eiusdem
422 2927 591 3006 argumenti
605 2937 708 3010 poetas
723 2927 760 2989 ab
777 2928 904 3011 Oppiani
926 2935 1024 2995 aetate
1037 2927 1116 2993 abi
1089 2946 1173 2993 uisse.
1216 2927 1308 2991 Acce·
1383 2912 1387 2927 ’

164 3025 239 3109 dunt
264 3026 343 3106 apud
364 3026 549 3089 Athenaeum
575 3027 625 3106 qni
646 3027 683 3089 de
706 3027 840 3110 piscibus
870 3020 1099 3111 καταλογάδην
1128 3037 1157 3093 et
1186 3026 1307 3108 quidem

163 3124 296 3188 oratione
327 3143 413 3206 prosa
442 3125 616 3209 scripserint
653 3126 839 3190 Seleucus
869 3127 1024 3192 Tarsensis
1053 3136 1085 3188 et
1119 3125 1308 3189 Leonidas

163 3223 330 3307 Byzantius.
388 3224 486 3307 Atque
521 3223 682 3291 Leonidam
720 3243 779 3289 una
819 3245 888 3291 cum
924 3235 1009 3309 patre
1046 3245 1106 3290 suo
1136 3224 1306 3307 Metrodoro

163 3322 303 3405 Byzantio
328 3323 393 3385 τῶν
415 3321 451 3387 ἐν
475 3314 699 3407 ὑδροθηρίαις
721 3320 841 3399 δεινῶν
867 3344 933 3389 esse
951 3325 1096 3405 Aelianus
1126 3323 1246 3405 tradidit
1275 3323 1306 3385 in

163 3420 309 3485 librorum
335 3423 372 3484 de
395 3422 571 3485 animalibus
597 3423 724 3504 epilogo,
749 3424 937 3508 sumpsitque
957 3444 993 3495 eu
1018 3443 1054 3486 eo
1081 3442 1131 3488 res
1151 3440 1212 3487 non
1245 3430 1307 3501 tam

164 3521 264 3585 doctas
292 3539 381 3602 quam
405 3521 551 3585 iucrtndos
572 3521 607 3585 de
624 3521 761 3605 delphine
776 3521 801 3585 ll
816 3523 845 3593 6,
873 3523 909 3586 de
929 3523 1080 3606 pastinaca
1095 3522 1197 3586 nociva
1212 3521 1239 3584 ll
1254 3522 1308 3607 50,

165 3621 201 3690 de
226 3620 300 3685 mira
326 3621 417 3701 ignoti
438 3621 593 3685 ortiusdam¹
611 3621 700 3701 piscis
712 3629 819 3685 natura
834 3621 874 3703 lll
893 3621 947 3700 183
974 3622 1026 3687 sed
1053 3623 1141 3687 etiam
1167 3623 1204 3701 de
1231 3619 1307 3689 escis

164 3728 321 3801 praecepta
340 3719 393 3781 Xll
414 3721 463 3783 42.
504 3720 649 3785 Athenaei
674 3729 808 3785 auctores
834 3738 896 3784 non
924 3721 1016 3800 magis
1032 3721 1195 3787 Leonidam
1218 3738 1307 3802 quam

165 3818 356 3882 Posidonium
380 3830 431 3881 aut
452 3818 621 3904 Oppianum
644 3829 871 3902 excerpserunt3
897 3822 1054 3887 Seleutmm
1076 3822 1167 3887 semel
1189 3819 1307 3897 (Athen.

165 3919 226 3983 320
238 3918 285 3999 A),
302 3920 379 3982 uude
395 3920 602 4001 cognoscimus
617 3919 752 3985 docuisse
773 3939 841 3985 eum
863 3916 900 3983 ἐν
921 3920 973 4004 τῷ,
989 3916 1167 4005 ἁλιευτικῷ
1187 3936 1306 3983 scarum

164 4036 231 4081 esse
244 4017 432 4093 insomnem
451 4019 598 4101 praeclare
614 4019 693 4082 enirn
710 4015 749 4083 οὐ
769 4014 952 4083 καθεύδειν
973 4038 1028 4100 pto
1056 4021 1155 4101 inepto
1181 4013 1316 4102 ended(

164 4113 237 4181 δειν
259 4116 461 4203 Casaubonus
503 4118 623 4180 Accedit
648 4118 685 4181 ad
712 4103 765 4181 bos
791 4119 868 4198 apud
897 4118 1020 4183 suidam
1050 4138 1076 4181 s.
1097 4138 1123 4201 r.
1157 4110 1308 4200 Κικίλιος

153 4205 385 4297 Agathocles
401 4217 535 4281 Atrocius
551 4218 724 4299 ceteroquin
740 4215 925 4299 incognitum
942 4218 1023 4301 quod
1038 4225 1137 4283 autem
1153 4216 1308 4297 Seleucum

164 4325 282 4396 praeter
296 4316 472 4383 Tarsensem
489 4317 596 4388 Suidas
620 4319 712 4389 etiam
732 4319 906 4385 Emisenunt
920 4337 943 4378 s.
962 4336 988 4379 v.
1004 4314 1164 4393 Σέλευκος
1189 4311 1309 4391 exbibet
1339 4360 1344 4374 .

165 4433 264 4497 neque¹
279 4436 348 4479 eum
363 4416 512 4498 halieutici
527 4416 595 4487 libri
611 4419 699 4483 unius
715 4426 749 4495 et¹
760 4417 857 4483 soluto
874 4434 1013 4495 sermone
1028 4415 1132 4499 scripti
1145 4421 1316 4500 auctorem!-

1116 4517 1149 4572 9*
