2924 5018
610 265 855 328 —197-

163 443 371 506 molestissima
416 443 565 522 diligentia
615 443 736 505 vocibus
779 442 1056 525 circumscripsisset
1099 444 1213 507 duabus
1255 453 1306 507 aut

162 560 267 622 parum
295 541 369 622 aptis
397 549 447 603 aut
475 542 564 603 etiam
594 541 710 622 ineptis
754 543 813 606 llut
835 551 973 625 corrupta
1000 543 1086 606 lectio
1110 543 1234 606 dicenda
1256 551 1307 605 aut

163 641 203 703 ita
225 641 434 720 distinguenda
457 648 518 703 est:

564 778 621 853 Qut
644 797 706 840 non
728 778 932 841 moderabitur
952 780 1023 854 irae,

262 880 408 941 lnlectum
433 879 512 942 volet
533 896 600 940 esse
623 878 716 950 dolor,
739 877 819 957 quod
841 878 978 950 suaserit,
1001 887 1031 940 et
1052 896 1136 941 mens

263 979 337 1041 Dum
359 997 472 1059 poenas
494 978 563 1039 odio
586 996 640 1059 per
663 978 721 1038 vim
744 976 865 1039 festinat
886 977 992 1040 inulto.

261 1077 307 1139 lra
328 1076 414 1139 luror
434 1076 533 1139 brevis
556 1084 611 1138 est.
656 1076 797 1137 Animum
820 1094 897 1154 rege.

162 1241 279 1302 Scilicet
300 1240 379 1320 quod
403 1239 562 1302 iracundus
592 1238 663 1319 (qui
691 1238 751 1300 irae
773 1255 835 1301 non
856 1238 1079 1320 moderabitur)
1106 1239 1246 1315 suaserit,
1276 1239 1306 1301 id

162 1349 264 1421 postea
289 1339 400 1400 dolor
421 1338 565 1400 infectum
583 1357 647 1400 esse
663 1336 741 1399 volet
755 1345 844 1418 atque
860 1356 945 1399 mens
966 1337 1032 1418 ipsa
1048 1339 1117 1416 (hoc
1138 1347 1199 1401 est:
1223 1339 1307 1403 dolor

163 1448 262 1501 mente
284 1437 468 1519 recuperata)
491 1437 562 1500 dum
590 1436 659 1499 odio
687 1436 782 1499 inulto
805 1455 948 1517 poenas
971 1437 1040 1500 dare
1063 1437 1197 1518 pervim
1221 1437 1305 1501 lesti-

163 1549 242 1602 nant.
280 1539 363 1600 Haud
388 1557 473 1600 secus
496 1557 528 1599 se
551 1556 616 1598 rem
639 1537 788 1619 accepisse
803 1537 966 1618 Porphyrio
989 1537 1054 1618 ipso
1069 1537 1208 1601 lemmate
1229 1547 1306 1601 atte-

161 1648 265 1701 statur.
309 1637 440 1700 Sooserit
461 1637 559 1700 minus
582 1644 769 1716 expectatum
792 1635 932 1700 Horatius
955 1655 1009 1718 pro
1030 1637 1141 1718 feeem't.

247 1739 304 1800 Sed
333 1746 464 1800 mentem
487 1738 557 1801 dum
579 1744 677 1799 sector
703 1736 800 1798 inania
834 1746 936 1819 captor
971 1737 1115 1819 propositi
1139 1736 1303 1817 obliviscor.

161 1839 205 1900 lld
228 1846 320 1900 artem
337 1836 444 1898 Tibulli
467 1835 650 1899 attendimus
674 1836 837 1898 metricam.
873 1836 1009 1898 Attendit
1031 1836 1067 1898 ad
1090 1855 1155 1899 eam
1171 1835 1304 1916 Zingerle

161 1957 296 2019 quoque,
327 1937 377 1998 sed
406 1935 517 2008 obiter,
548 1935 627 2017 quod
657 1953 725 1997 vero
749 1934 915 1998 observavit
937 1935 969 1998 in
990 1955 1019 2016 p.
1036 1935 1087 2011 to,
1115 1936 1144 1998 id
1167 1935 1304 1999 ordinem

161 2036 304 2099 librorum
333 2034 406 2097 meis
429 2034 528 2115 potius
557 2033 690 2095 numeris
720 2034 946 2123 convenientem
975 2035 1173 2111 conlirmavit3
1200 2043 1305 2116 penta-

161 2136 248 2198 metri
277 2135 356 2197 enim
388 2133 644 2214 penthemimeren
674 2132 802 2212 priorem
832 2133 1021 2213 spondiacam
1049 2142 1142 2196 totam
1172 2132 1305 2197 Tibullus

160 2235 245 2297 finxit
266 2234 297 2295 in
319 2234 420 2297 librol
444 2233 534 2294 semel
556 2232 634 2293 inter
657 2229 676 2293 8
698 2232 886 2294 hexametros
909 2231 960 2312 (51
979 2232 1134 2313 exempla),
1157 2234 1174 2294 l.
1190 2234 1217 2295 ll
1231 2234 1303 2297 item

160 2335 252 2396 semel
265 2333 345 2395 inter
360 2331 378 2394 8
396 2329 448 2409 (27
465 2335 534 2410 en),
549 2331 567 2393 l.
585 2329 621 2391 tv
633 2328 717 2389 2-7
734 2340 765 2391 et
782 2328 819 2391 13
832 2349 875 2411 sq.
900 2332 991 2392 semel
1013 2331 1093 2394 inter
1108 2329 1161 2413 5ss
1171 2333 1224 2411 (14
1237 2333 1304 2414 es).

160 2434 268 2496 Contra
297 2431 442 2512 Sulpiciae
470 2427 690 2511 epigrammatis
707 2429 742 2495 tv
757 2429 863 2492 8-12
891 2430 1016 2493 eandem
1043 2431 1187 2512 praebent
1214 2433 1305 2495 semel

159 2533 190 2594 in
214 2532 266 2617 2¹4
296 2531 327 2610 (6
350 2535 417 2608 erc),
446 2530 613 2611 Lygdamus
641 2528 732 2591 semel
760 2528 834 2591 inl
862 2527 916 2608 (36
940 2532 1008 2605 ern).
1060 2530 1169 2594 Tibulli
1203 2540 1303 2595 autem

160 2650 279 2696 carmen
294 2629 341 2692 13
365 2628 444 2712 quod
466 2627 702 2692 vetustissimum
736 2647 801 2690 esse
832 2629 998 2709 suspicatus
1026 2648 1093 2691 sum
1126 2629 1216 2692 etiam
1247 2630 1303 2693 hac

158 2732 190 2794 in
223 2750 255 2793 re
288 2729 427 2792 omnibus
455 2727 628 2790 Tibullianis
663 2727 807 2791 vincitur:
843 2726 962 2790 exbibet
995 2728 1074 2790 enim
1109 2728 1301 2809 spondiacam

159 2828 415 2911 penthemimeren
439 2837 545 2909 quater
567 2827 686 2890 deciens
709 2827 754 2890 vel
776 2827 869 2890 semel
893 2827 924 2888 in
941 2825 998 2898 3¹l³
1014 2826 1134 2905 (deinde
1148 2827 1161 2890 l
1177 2829 1197 2888 4
1211 2828 1302 2890 semel
1397 2853 1407 2880 ν

160 2931 191 2993 in
214 2928 284 3006 4²l23
308 2927 470 3008 elegantior
485 2927 497 2987 l
512 2926 555 3002 9).

243 3029 346 3110 ltaque
367 3028 439 3089 dum
462 3026 528 3107 quis
551 3026 685 3106 graviora
701 3026 836 3108 opinioni
859 3025 1024 3090 contrariae
1040 3025 1192 3102 obtendet,
1215 3035 1299 3090 stau·

159 3131 229 3191 dum
253 3127 288 3190 ab
311 3128 365 3190 bac
387 3145 453 3189 mea
482 3127 538 3189 erit
560 3145 635 3208 quae
657 3124 744 3190 etiam
767 3125 830 3208 ipsa
852 3145 885 3188 re
907 3125 1036 3189 mamme
1058 3127 1300 3191 commendatur:

157 3229 255 3310 ipsum
288 3225 438 3289 Tibullum
474 3224 548 3287 duos
586 3232 701 3288 tantum
734 3224 825 3287 libros
862 3223 1027 3305 publicasse
1059 3224 1169 3307 (neque
1200 3226 1300 3307 plures

158 3324 280 3389 Ovidius
303 3344 335 3386 se
361 3323 532 3405 cognovisse
558 3323 696 3405 testatur)
729 3323 909 3403 eosdemque
936 3323 1004 3387 ideo
1032 3323 1120 3387 etiam
1143 3323 1301 3406 primarios

157 3425 270 3487 fructus
297 3423 367 3487 artis
396 3441 463 3486 esse
485 3422 683 3495 Tibullianae,
717 3430 782 3484 tum
805 3421 969 3484 Heroidum
995 3425 1058 3485 tere
1089 3422 1300 3488 Ouidianarum

156 3534 291 3604 tempore
318 3523 399 3586 lusus
422 3521 561 3604 Lygdami
584 3540 650 3585 esse
672 3521 816 3596 adiectos,
848 3527 937 3603 atque
971 3528 1040 3602 post
1069 3521 1151 3586 bunc
1179 3524 1299 3587 demum

157 3623 295 3704 reliquias
331 3622 489 3685 nonnullas
525 3620 632 3684 Tibulli
680 3639 739 3683 una
778 3640 846 3684 cum
880 3620 1026 3702 Sulpiciae
1062 3621 1228 3703 elegidariis
1264 3624 1297 3686 in

156 3722 266 3785 librum
288 3721 416 3784 adiectas
439 3721 630 3802 redactasque
654 3739 720 3785 esse
742 3718 881 3785 ultimum
905 3719 1036 3802 cognitas
1058 3740 1110 3785 ees
1131 3722 1299 3791 utvidetur

157 3830 309 3885 nonanta
331 3828 435 3903 poetae
458 3820 584 3884 obitum.

242 3920 427 3983 ddvocamur
442 3921 531 3982 etiam
545 3918 704 3982 Venusinis
720 3917 865 3982 Camenis.
889 3922 1029 3982 Attamen
1045 3936 1146 3984 earum
1161 3920 1219 3983 boc
1233 3920 1297 3982 loco

156 4022 202 4085 vel
230 4021 372 4100 imperata
400 4020 564 4082 obtrectare
594 4017 705 4080 malim.
749 4017 823 4080 Nam
851 4018 907 4080 Ars
929 4017 1047 4082 Poetica
1068 4017 1298 4082 [donatianorum

156 4122 299 4184 librorum
334 4119 455 4181 ultimus
489 4135 634 4181 consensu
656 4118 720 4180 lere
752 4116 924 4191 habebatur,
959 4117 1045 4199 eique
1073 4116 1180 4180 iudicio
1208 4118 1298 4181 etiam

157 4222 285 4285 metricis
300 4219 373 4282 meis
386 4218 640 4281 observationibus
653 4218 762 4281 mirum
776 4226 921 4299 quantum
938 4216 1055 4279 roboris
1068 4217 1136 4280 addi
1147 4236 1180 4281 ac
1191 4216 1297 4280 virium

158 4320 229 4383 milri
254 4320 351 4382 visum
374 4327 420 4380 est
446 4318 502 4398 (Ad
524 4319 589 4380 bex.
610 4317 661 4380 lat.
684 4318 752 4380 bist.
776 4336 804 4398 p.
822 4315 862 4380 38
880 4326 909 4380 et
928 4314 981 4391 133
1004 4317 1041 4378 cl.
1058 4336 1085 4399 p.
1104 4315 1167 4398 28).
1211 4317 1297 4379 Nunc

157 4437 225 4481 vero
248 4439 265 4481 a
287 4437 432 4482 consensu
454 4417 511 4481 isto
531 4417 674 4481 divertere
690 4417 857 4499 Adolpbum
873 4415 1044 4482 Michaelem
1059 4415 1143 4479 video
1166 4415 1198 4479 in
1213 4435 1295 4483 com·
