2924 5018
628 248 845 313 ..39-

164 446 226 490 non
248 426 413 488 notandum
442 425 498 486 erit
525 425 708 488 substantiva
737 423 863 487 verbalia
894 425 988 487 vocali
1007 445 1029 487 d
1049 425 1176 489 formata
1201 446 1308 507 parum

100 552 102 555 ·
165 548 198 589 ea
219 526 334 607 poetica
356 524 446 586 nimis
468 525 499 585 in
523 525 581 586 hoc
604 525 735 586 carmine
750 524 909 587 cumulari:
933 546 959 586 v.
978 525 1039 586 116
1055 528 1154 604 capitis
1177 528 1243 597 ictu,
1267 526 1308 588 97

163 631 221 689 icto
243 628 327 697 erasis,
351 626 370 684 5
394 625 503 686 candoe
524 628 591 695 icto,
615 625 634 683 7
638 624 707 705 2sq.
731 624 891 704 spectabilis
912 634 978 686 octo
1001 629 1029 686 et
1051 627 1161 687 concito
1177 624 1275 705 pulsu.

713 878 762 939 lll.

246 1018 470 1082 Praeiudicasse
493 1016 530 1079 de
553 1018 742 1080 reddemur
765 1018 816 1099 qui
847 1025 1057 1080 enumerantes
1081 1037 1116 1080 ex
1138 1018 1308 1083 Halieuticis

162 1126 192 1180 et
215 1137 292 1198 quae
320 1116 451 1179 scribere
479 1131 541 1178 non
569 1116 716 1197 potuisset
738 1117 816 1178 Naso
845 1123 875 1178 et
905 1136 980 1196 quae
1006 1118 1152 1180 noluisset
1179 1120 1309 1181 scribere

162 1225 192 1279 et
215 1237 290 1298 quae
314 1237 348 1280 eo
369 1217 490 1294 indigna
506 1217 694 1278 crederemus
716 1222 745 1277 et
760 1235 834 1296 quae
850 1215 978 1295 aliquam
995 1224 1074 1278 certe
1091 1216 1308 1280 dubitationem

162 1317 306 1379 deberent
333 1316 442 1378 inicere
468 1315 595 1397 piscium
625 1314 801 1395 scriptorem
824 1314 860 1376 ab
883 1315 999 1377 Nasone
1022 1334 1140 1396 semper
1162 1316 1225 1379 lere
1248 1317 1309 1379 dis·

161 1414 355 1477 iunxerimus.
400 1415 493 1495 Igitur
515 1413 575 1475 iam
598 1433 613 1475 a
634 1413 780 1492 philologo
802 1414 911 1476 iudicio
935 1414 1155 1494 provocandum
1180 1415 1215 1476 ad
1238 1434 1308 1495 psy-

162 1514 346 1592 chologicum
375 1514 431 1575 erit
458 1513 504 1575 rel
531 1511 761 1592 patbologicum.
814 1514 910 1593 Atque
937 1513 995 1574 hoc
1023 1514 1191 1593 unumagi
1206 1534 1309 1594 'quam

160 1612 332 1674 brevissime
355 1612 473 1693 poterit.
501 1611 585 1673 lliem
600 1629 775 1690 supremum
788 1611 909 1674 Ovidius
929 1612 1002 1674 obiit
1021 1630 1100 1673 anno
1116 1631 1141 1673 a.
1159 1632 1188 1674 u.
1205 1631 1229 1673 c.
1247 1612 1308 1672 770

159 1720 236 1773 teste
260 1713 338 1791 apud
360 1711 572 1792 Hieronymum
596 1711 751 1784 Suetonio,
778 1711 808 1774 id
829 1711 908 1792 quod
931 1711 962 1772 in
985 1709 1109 1772 dubium
1133 1711 1230 1772 adhuc
1254 1731 1306 1772 vo·

161 1810 235 1871 cavit
258 1830 356 1884 nemo,
390 1809 438 1871 vix
471 1818 543 1871 tunc
576 1828 668 1870 senex
699 1810 744 1870 uel
778 1828 872 1872 annos
902 1819 991 1872 natus
1014 1817 1065 1870 aut
1088 1807 1150 1869 LIX
1174 1816 1225 1871 aut
1247 1808 1305 1870 LX.

161 1908 221 1969 lam
243 1914 365 1989 questus
388 1910 509 1989 quidem
532 1914 578 1970 est
606 1908 639 1970 in
661 1908 804 1969 Tristium
829 1908 846 1969 l.
863 1908 887 1968 V
903 1928 928 1969 o.
944 1907 1008 1969 llll:
1037 1909 1096 1988 ipse
1119 1907 1190 1969 midi
1209 1909 1308 1970 uidcor

160 2011 218 2069 iam
242 2007 406 2070 dedidicisse
429 2009 529 2081 lotide,
552 2015 582 2069 et
603 2007 715 2069 ibidem
738 2027 762 2068 c.
779 2005 819 2067 IX
835 2006 936 2068 Tomis
959 2026 992 2068 se
1011 2006 1172 2067 barbarum
1195 2007 1305 2068 factum

161 2127 225 2168 esse
255 2107 308 2187 qui
335 2107 429 2186 getice
450 2105 666 2184 sarmaticeque
694 2105 776 2186 loqui
804 2105 968 2180 didicissem
1004 2112 1094 2185 atque
1122 2104 1154 2165 in
1183 2105 1307 2185 epistula

161 2226 196 2267 ex
219 2206 315 2267 Ponto
338 2206 375 2266 lv
399 2206 418 2265 2
442 2205 476 2267 ad
500 2205 643 2266 Severum
668 2202 804 2284 exposuit
827 2223 889 2265 non
911 2205 970 2266 iam
993 2204 1092 2265 iuvare
1117 2223 1148 2265 se
1171 2204 1306 2266 numeris

161 2305 293 2367 carmina
315 2310 448 2373 nectere,
478 2322 595 2366 sacrum
619 2302 722 2363 abesse
745 2301 800 2363 sibi
823 2302 962 2382 poetandi
984 2302 1130 2381 impeturn
1153 2304 1305 2384 duereque

160 2423 233 2466 vena
261 2404 437 2484 pauperiore
467 2401 608 2464 carmina.
659 2401 717 2462 Sed
745 2409 848 2463 tamen
875 2410 1011 2464 tenemus
1042 2421 1076 2461 ex
1106 2401 1171 2481 ipso
1201 2403 1305 2464 mortis

162 2521 239 2564 anno
260 2509 290 2562 et
311 2502 399 2581 primi
420 2501 577 2562 Fastorum
601 2499 669 2561 libri
692 2499 846 2561 exordium
868 2507 898 2561 et
920 2500 1058 2575 secundi3
1087 2508 1224 2562 tenemus
1247 2501 1307 2563 nisi

160 2621 195 2662 ex
217 2601 283 2672 hoc,
306 2608 335 2661 at
355 2620 391 2661 ex
414 2598 600 2661 antecedenti
616 2617 696 2659 anno
713 2618 789 2679 quae
804 2599 946 2660 fluxerint
969 2598 1113 2678 epistulae
1136 2599 1171 2660 ad
1193 2600 1305 2662 amicos

159 2699 295 2780 scriptae,
319 2691 398 2779 quod
419 2705 538 2778 tempus
561 2706 675 2759 certum
700 2698 826 2759 maxime
849 2706 894 2759 est
917 2698 953 2758 de
976 2717 1020 2776 ep.
1046 2717 1082 2758 ex
1103 2697 1200 2760 Ponto
1220 2699 1256 2759 IV
1275 2699 1305 2792 9,

160 2798 298 2859 credibile
322 2795 358 2857 dc
380 2805 444 2859 toto
467 2797 524 2858 hoc
546 2796 629 2857 libro.
673 2796 769 2877 Atque
798 2815 859 2858 non
887 2794 1027 2857 omnibus
1057 2796 1177 2876 quidem
1200 2796 1305 2859 iuven-

158 2896 230 2958 tutis
254 2895 402 2958 coloribus
425 2896 581 2975 splendere
602 2895 719 2956 tristem
735 2896 848 2957 Musam
872 2894 1068 2968 condecebat3
1092 2901 1223 2956 ceterum
1246 2895 1305 2957 nisi

158 2994 235 3057 forte
256 2996 313 3056 bos
337 2993 472 3056 Ouidiani
493 2993 605 3073 ingenii
629 2994 836 3074 sermonisque
860 3013 946 3056 veros
969 3001 1060 3055 testes
1084 3013 1149 3055 esse
1184 2994 1304 3074 negabis

158 3101 312 3174 —atque
335 3093 535 3156 adversarium
562 3112 611 3154 me
639 3093 809 3172 agniturum
832 3091 896 3156 esse
925 3113 994 3155 eum
1023 3102 1140 3155 tantum
1165 3092 1229 3155 dico
1254 3094 1304 3174 qui

159 3195 189 3255 in
213 3201 334 3256 centum
358 3191 552 3273 quadraginta
573 3192 708 3254 versibus
732 3192 884 3272 quibusvis
908 3211 976 3254 vere
999 3192 1150 3254 Ovidianis
1174 3191 1303 3255 similem

158 3291 276 3354 turbam
300 3300 329 3354 et
351 3310 452 3353 rernm
476 3291 670 3369 singularium
693 3298 724 3353 et
745 3300 934 3371 pcccatorum
958 3291 1193 3371 deprehenderit,
1224 3292 1304 3371 quod

157 3391 290 3452 studium
314 3391 592 3471 interpretationem
615 3391 720 3451 saltem
744 3389 919 3453 Ovidianam
946 3390 1121 3451 iuvabit-
1145 3389 1303 3451 dicendum

157 3496 277 3551 estant
304 3488 403 3569 spuria
434 3508 499 3550 esse
522 3488 683 3551 Halieutica
711 3496 762 3550 aut
788 3489 895 3551 ultimo
924 3490 986 3550 iere
1015 3489 1091 3551 vitae
1122 3507 1225 3550 mense
1253 3490 1303 3551 tali

158 3588 264 3648 morbo
280 3593 400 3666 captum
420 3595 539 3666 poetam
555 3587 647 3648 luisse
663 3606 720 3667 qua
736 3587 799 3649 lere
814 3587 937 3648 Messala
955 3585 1099 3649 Corvinus
1122 3587 1179 3648 fnit
1202 3598 1302 3650 orator

158 3705 247 3766 quem
269 3685 311 3747 ita*
333 3692 366 3745 ut
387 3685 435 3746 vix
457 3704 549 3765 pauca
576 3686 664 3748 verba
693 3685 889 3766 coniungeret
910 3686 1084 3748 memoriam
1114 3705 1148 3748 ac
1179 3706 1302 3749 sensum

157 3785 291 3848 amisisse
313 3784 451 3864 legimus3
481 3785 590 3865 quippe
618 3793 648 3846 et
676 3803 799 3847 sensum
820 3784 942 3847 Ovidius
971 3785 1040 3848 artis
1071 3804 1143 3847 suae
1163 3786 1302 3849 metricae

157 3891 186 3946 et
207 3883 383 3946 memoriam
405 3884 465 3964 apti
487 3903 521 3945 ac
542 3884 656 3964 proprii
679 3885 835 3946 sermonis.
879 3885 1017 3946 Fortasse
1039 3884 1128 3945 etiam
1152 3892 1221 3965 post
1241 3887 1302 3947 aci-

155 4001 313 4064 penserem
329 3991 526 4044 memoratum
548 3983 684 4045 inediane
707 4002 740 4044 se
761 3982 907 4046 confecit?
944 3984 1087 4063 Superest
1110 3990 1142 4044 ut
1164 3992 1300 4046 naturam

146 4082 322 4162 ,argumenti
360 4090 537 4162 spectemus.
588 4081 773 4161 Componere
808 4081 941 4160 potuisse
970 4082 1109 4143 Ovidium
1137 4081 1300 4144 Halieutica

156 4180 321 4260 praefracte
336 4198 444 4259 negare
467 4181 546 4254 nolo,
569 4198 749 4261 quamquam
771 4181 849 4241 inter
871 4181 933 4242 eius
953 4181 1062 4260 scripta
1083 4180 1129 4240 vix
1153 4187 1198 4241 est
1220 4181 1300 4259 quod

154 4279 321 4360 comparari
365 4288 432 4360 apte
477 4280 576 4359 possit.
636 4279 770 4341 Primum
814 4279 935 4359 quidem
977 4299 992 4341 a
1033 4278 1183 4341 Lactantio
1225 4277 1299 4340 lnst.

155 4379 218 4441 biv.
237 4380 302 4440 115
337 4379 479 4441 docemur
516 4379 645 4442 breviter
681 4378 942 4458 comprehendisse
975 4378 1125 4439 Nasonem
1161 4376 1298 4440 Phaeno-
