2924 5018
609 281 850 344 -lll-

156 475 186 536 p.
203 456 264 518 599
280 457 302 518 Β
319 455 359 517 32
387 457 467 535 quod
494 456 662 518 iterandum
684 455 837 535 Oppianus
859 474 919 517 non
947 454 1045 527 duxit3
1074 454 1170 517 latens
1197 453 1307 533 quippe

156 555 218 615 dies
233 558 293 616 lere
314 555 464 634 sexaginta
481 555 630 616 caniculae
646 555 728 616 sidus
744 562 774 614 et
788 553 897 616 rabiosi
913 562 1046 633 tempora
1062 552 1137 632 signi
1152 551 1306 630 fugitabat,

156 653 244 714 sicuti
270 653 384 715 Plinius
400 653 439 714 lX
455 653 495 715 58
516 653 604 715 verba
624 653 789 715 Aristotelis
815 661 955 733 repetens
985 652 1020 713 ad
1047 651 1185 729 glaucum
1212 651 1302 713 etiam

155 752 240 814 siluri
267 753 448 813 mentionem
477 752 605 814 adnectit
632 752 683 831 qui
709 750 857 814 cuniculos
884 761 951 813 ortu
976 752 1136 822 sidereum
1169 750 1306 811 similiter

154 850 276 929 triginta
301 851 362 912 dies
385 851 479 912 latent
504 847 637 933 κήρυκες
665 852 754 914 Arist.
770 872 798 932 p.
815 850 877 913 599
904 858 935 911 et
956 843 1024 912 alred
1055 843 1136 911 κύνα
1157 867 1306 928 purpurae

154 949 263 1010 Athen.
281 967 308 1027 p.
327 948 367 1010 89
379 949 412 1010 Β.

242 1048 379 1127 Helops
394 1048 543 1128 pretiosus
558 1058 680 1111 vocatur
691 1050 754 1112 llal.
768 1048 819 1122 96,
835 1050 916 1111 velut
932 1048 991 1109 iam
1005 1048 1082 1127 apud
1095 1046 1306 1126 Epicharmum

157 1142 384 1227 πολυτίματος
396 1146 515 1226 (Athen.
528 1145 591 1208 282
602 1147 656 1223 9);
671 1167 755 1210 τουτο
772 1148 851 1209 enim
868 1148 926 1227 ipsi
940 1145 1179 1226 anteponebatur
1194 1145 1307 1224 (Xeno-

155 1253 230 1306 crat.
247 1264 311 1324 cap.
332 1245 383 1319 19)
406 1245 588 1325 dabaturque
611 1246 637 1307 ei
660 1248 758 1326 palma
780 1247 894 1326 saporis
913 1245 1002 1318 (Plin.
1019 1244 1126 1306 XXXII
1144 1244 1232 1324 151);
1255 1246 1305 1306 sod

155 1342 232 1406 Plini
247 1344 307 1405 lere
319 1352 415 1407 aetate
427 1344 480 1417 llX
494 1344 566 1423 169)
578 1346 728 1424 pretiosus
742 1346 834 1407 luisse
847 1363 908 1407 non
923 1344 1037 1406 videtur
1051 1343 1110 1405 nisi
1122 1343 1304 1416 Rhodiacus3

157 1443 216 1504 hoc
241 1442 331 1520 igitur
359 1451 405 1504 est
431 1462 483 1505 cur
504 1444 630 1505 maxime
652 1444 742 1506 falsus
759 1444 880 1506 Ovidius
906 1448 1013 1506 nostris
1038 1446 1196 1522 incoquitur
1220 1443 1314 1519 undio,

156 1541 318 1613 addiderim
340 1559 411 1602 nam
433 1542 592 1604 Columella
614 1561 734 1623 quoque
758 1562 821 1623 cap.
841 1543 889 1616 16,
906 1541 941 1603 9:
975 1563 1035 1605 reon
1063 1546 1138 1604 euim
1168 1546 1201 1602 ia
1230 1545 1310 1602 ουτοι·
1340 1617 1344 1624 ἡ

156 1639 255 1719 inquit
280 1642 357 1701 muri
377 1649 469 1719 potest
495 1645 587 1702 omnis
610 1658 669 1702 esso
690 1652 723 1703 ot
736 1641 832 1722 helops
848 1646 897 1722 qui
910 1641 1068 1721 Pamphilio
1086 1640 1238 1720 profundo
1255 1657 1306 1699 aec

155 1739 215 1800 ulio
235 1742 378 1818 poscitum
400 1748 429 1800 at
451 1747 554 1800 contra
570 1739 779 1802 Archestratus
802 1741 872 1801 olim
897 1739 1008 1802 clarum
1029 1738 1155 1801 habebat
1178 1746 1207 1799 et
1228 1737 1306 1816 apud
1414 1785 1416 1789 ,

157 1837 277 1900 Cretam
306 1837 496 1917 reliquasque
524 1838 638 1901 insulas
664 1848 694 1900 et
720 1839 873 1919 Syracusis
905 1847 1040 1920 captum3
1076 1837 1194 1916 scripsit
1224 1836 1306 1896 enim

157 1937 276 2013 (Athen.
294 1934 355 1997 300
368 1936 403 2014 Ε)
419 1936 459 1999 ita
475 1937 551 1999 lere:

259 2080 316 2145 τὸν
339 2078 373 2145 δ’
396 2077 492 2145 ἔλοπ’
515 2080 599 2146 ἔσθε
620 2081 768 2166 μάλιστα
789 2079 1016 2167 Συρακούσαις
1039 2080 1088 2146 tvl
1111 2080 1257 2155 κλειναῖς

259 2176 316 2243 τύν
337 2204 374 2258 γε
396 2177 665 2264 κρατιστεύονθ’·
689 2173 783 2254 οὗτος
798 2178 862 2264 γὰρ
886 2176 928 2243 αὖ
951 2179 1041 2244 ἔστιν
1063 2179 1195 2243 ἐκεῖθεν

259 2277 318 2362 τήν
340 2274 440 2363 ἀρχὴν
462 2280 614 2358 γεγονώς,
638 2276 765 2342 ἔνθεν
788 2277 849 2342 κᾶν
870 2277 891 2361 ἢ
914 2277 992 2364 περὶ
1013 2273 1133 2362 νήσους

259 2373 279 2461 ἢ
302 2377 380 2461 περὶ
402 2373 464 2461 τήν
485 2375 587 2461 ἄλλην
610 2397 675 2440 που
699 2369 768 2462 ἁλῷ
790 2378 851 2461 γῆν
872 2375 893 2460 ἢ
915 2377 992 2461 περὶ
1020 2374 1158 2462 Κρήτην,

259 2473 379 2548 λεπτός
402 2474 457 2538 καὶ
480 2475 610 2560 στερεὸς
632 2475 687 2539 καὶ
711 2473 925 2560 κυματοπλὴξ
946 2472 1151 2560 ἀφικνεῖται,

158 2626 210 2688 υ1ιὶ
232 2622 332 2688 ἔνθεν
353 2626 533 2707 interpretor
555 2636 737 2707 quopropter.
783 2627 920 2689 Surrenti
950 2625 1041 2705 magis
1071 2633 1174 2705 captus
1204 2622 1307 2701 helops

158 2724 256 2786 Ennio
272 2726 413 2805 placebat.
447 2725 563 2787 Adsunt
585 2725 675 2786 etiam
691 2726 767 2805 apud
783 2725 953 2786 Marcellum
976 2721 1093 2796 ἔλοπος
1109 2744 1135 2783 v.
1155 2723 1203 2795 12,
1226 2727 1256 2781 at
1270 2721 1307 2781 ab

159 2823 294 2903 Oppiano
315 2823 506 2896 omittuntur,
529 2823 580 2902 qui
601 2824 701 2903 potius
716 2824 811 2903 pisces
826 2840 932 2884 omnes
947 2823 1031 2884 docta
1051 2821 1169 2902 loquela
1185 2816 1308 2889 ἔλοπας

158 2931 244 2984 vocat
258 2921 286 2983 ll
300 2919 372 2992 658,
388 2922 426 2984 cl.
438 2921 531 2984 sobol.
547 2922 582 2983 ad
598 2923 616 2982 l.
633 2931 663 2984 et
677 2923 784 2983 Athen.
797 2941 825 3002 p.
841 2919 902 2984 308
913 2922 946 2994 Β,
960 2921 981 2983 C
996 2920 1115 3000 (similia
1131 2916 1308 2998 llcsycbius)

158 3030 190 3083 et
211 3021 392 3083 Nicandrum
409 3021 451 3082 ill.
468 3041 494 3082 v.
511 3020 583 3083 481.
624 3021 694 3083 ldeo
721 3021 825 3101 helops
852 3021 929 3082 idem
958 3040 1024 3083 esse
1048 3019 1197 3082 ferebatur
1218 3023 1308 3096 atque

158 3119 276 3183 anthias
291 3118 410 3198 (Athen.
429 3119 549 3199 2821)),
573 3119 654 3181 idem
680 3119 832 3182 leuabatur
857 3120 945 3181 etiam
972 3114 1154 3196 κάλλιχθυς
1173 3135 1228 3179 nec
1247 3133 1308 3177 uon

158 3214 397 3298 καλλιώνυμος,
420 3219 472 3280 sed
495 3218 693 3281 differentiam
710 3218 886 3297 agnoscebat
901 3218 1014 3280 llorion
1038 3217 1118 3292 (ltu.
1134 3216 1151 3277 l.
1168 3215 1209 3291 1.).
1247 3214 1307 3275 Ex-

159 3319 302 3380 stiterant
338 3317 425 3379 etiam
461 3318 511 3397 qui
545 3317 676 3380 eundem
706 3335 770 3379 essa
807 3317 1068 3397 acipenserem
1105 3315 1307 3377 Romanorum

160 3417 389 3487 existumarent,
415 3425 535 3478 auctore
559 3434 622 3478 non
648 3416 745 3477 solum
767 3415 863 3476 Plinio
878 3416 918 3476 lX
934 3415 975 3476 66
1001 3415 1051 3476 sed
1079 3413 1171 3475 etiam
1190 3412 1307 3491 Apione

160 3513 198 3577 ἐν
221 3514 267 3597 τῷ
296 3512 373 3595 περὶ
398 3515 455 3595 τῆς
476 3509 631 3578 Ἀπικίου
656 3514 780 3596 τρυφῆς
801 3514 908 3576 Athen.
928 3534 957 3593 p.
974 3511 1087 3586 294Ε;
1109 3519 1212 3574 contra
1233 3511 1306 3573 adeo

161 3632 213 3676 eos
243 3612 375 3675 diversos
402 3613 511 3676 lutinus
537 3620 624 3694 poeta
648 3613 760 3675 iudicat
785 3621 818 3674 ut
844 3612 992 3692 pelagium
1018 3612 1153 3683 alterum,
1181 3610 1306 3673 alterum

159 3713 202 3792 (ι.
222 3710 294 3786 134)
318 3710 418 3774 herbis
433 3712 591 3792 amnisque
606 3713 764 3774 laetantem
782 3711 898 3782 scribat,
921 3711 1011 3775 simul
1033 3719 1132 3773 tamen
1147 3718 1309 3789 utrumque

161 3810 251 3873 undis
272 3809 367 3889 magis
388 3811 552 3890 peregrinis
574 3811 719 3887 nobilem3
742 3821 830 3892 atque
852 3818 1040 3891 postremum
1055 3811 1112 3872 hoc
1126 3829 1165 3874 ne
1181 3808 1307 3880 mireris,

160 3910 370 3972 Archestratus
385 3911 463 3990 apud
478 3911 585 3974 Athen.
602 3910 700 3972 attan
714 3911 746 3972 in
762 3911 912 3991 praeclara
928 3909 1135 3973 observatione
1159 3909 1305 3972 coenatica

161 4009 321 4073 mustelam
363 4007 504 4086 (γαλεὸν)
546 4010 676 4091 aliquam
718 4009 838 4072 Rhodi
874 4016 988 4090 captam
1026 4017 1057 4071 et
1093 4009 1202 4072 dictam
1237 4006 1307 4069 alias

161 4102 319 4172 ἀλώπεκα
348 4107 467 4186 (athen.
490 4107 551 4170 295
570 4110 606 4185 Α)
644 4108 768 4172 eandem
805 4127 871 4169 esse
901 4108 972 4170 dicit
1000 4126 1088 4188 quam
1124 4101 1308 4188 ἀκιπήσιον

161 4209 380 4282 Romanorum3
416 4208 486 4269 hinc
515 4207 604 4286 igitur
634 4207 704 4269 satis
733 4207 895 4269 dilucidum
925 4208 973 4278 fit,
1003 4225 1057 4268 cur
1085 4207 1173 4267 etiam
1203 4205 1307 4284 helops

161 4306 258 4367 Plinio
276 4305 402 4368 maxime
428 4306 565 4368 laudetur
591 4306 797 4368 lilrodiacus
814 4306 924 4386 quippe
940 4306 1054 4385 positus
1068 4323 1122 4383 pro
1137 4304 1307 4384 acipensere

161 4403 280 4488 γαλτρῖ,
306 4406 358 4466 sed
385 4404 475 4466 etiam
501 4405 530 4467 id
554 4404 713 4485 explicatur
727 4423 781 4466 cur
807 4404 905 4467 herbis
921 4404 1016 4482 magis
1038 4412 1067 4466 et
1086 4421 1194 4466 arenae
1216 4422 1306 4483 quam
