2924 5018
624 277 866 340 -100-

172 448 331 534 κόσμησις
357 455 483 529 γίνεται
510 450 566 512 καὶ
592 449 775 512 τελειοῦται
800 453 848 522 (el.
872 452 987 513 llrischi
1008 471 1036 533 p.
1055 452 1146 532 tntu
1179 453 1325 534 admonet

171 552 242 613 deus
258 554 366 631 datque
381 569 476 626 arma3
501 553 553 613 sed
577 571 648 614 uum
664 558 743 612 recte
766 551 959 631 accepisse
982 554 1077 632 legem
1100 553 1159 614 dici
1184 553 1325 633 potuerit

170 648 282 712 dubito.
315 651 369 711 Est
391 651 479 712 ctiam
503 651 549 711 lex
571 650 615 711 vis
638 650 735 711 divina
759 650 803 710 vel
819 670 873 729 pro
889 651 952 730 ipsu
969 652 1024 712 deo
1040 650 1090 729 (cl.
1108 652 1145 713 de
1160 670 1196 713 ea
1213 652 1322 715 Zelleri

169 766 243 828 Hist.
255 767 329 828 Phil.
346 750 403 828 llll
419 786 447 846 p.
467 766 527 827 126
551 768 611 828 adn.
630 767 663 846 2)
679 774 767 847 atque
790 767 886 846 ipsum
904 767 987 846 quasi
1011 767 1142 829 medium
1159 785 1216 847 per
1238 769 1321 848 quod

168 865 281 945 singula
318 866 452 947 luppiter
488 865 596 945 quibus
635 884 716 938 „nou
754 865 858 926 adest“
897 867 1011 941 (Seuec.
1039 867 1103 928 Nat.
1132 867 1188 940 uu.
1214 866 1320 944 1146)

167 966 336 1027 adornanda
361 984 463 1027 curare
485 966 627 1026 videatur.
673 965 729 1025 Sed
758 964 847 1024 habet
875 965 1064 1046 continetque
1094 967 1186 1045 magis
1220 967 1318 1044 legem

168 1065 298 1125 mundus
322 1083 409 1144 quam
434 1063 554 1143 accepit.
599 1063 677 1135 Quin
701 1058 719 1144 ἡ
744 1060 826 1134 Διὸς
850 1059 1008 1145 βούλησις
1030 1073 1063 1125 ut
1085 1072 1184 1143 partes
1209 1066 1318 1126 muudi

166 1169 305 1241 procurat
332 1162 372 1222 ita
402 1172 502 1222 tamen
525 1162 619 1240 legem
643 1163 712 1222 dare
736 1179 796 1221 uon
820 1170 917 1241 potest
939 1163 996 1223 nisi
1018 1163 1075 1224 sibi
1106 1164 1173 1242 ipsi.
1222 1155 1318 1244 Chry-

166 1260 268 1340 sippus
285 1260 320 1321 de
336 1261 449 1322 munde
465 1260 541 1340 apud
558 1261 748 1321 Plutarchum
766 1278 874 1321 comm.
893 1268 952 1321 uct.
966 1280 994 1340 p.
1011 1262 1104 1343 loll:
1129 1259 1220 1337 λέγει
1237 1263 1318 1339 γοῦν

166 1355 369 1439 Χρύσιππος
407 1354 550 1422 ἐοικέναι
586 1361 631 1443 τῷ
666 1355 726 1440 μὲν
756 1353 927 1442 ἀνθρώπῳ
964 1357 1020 1421 τὸν
1051 1361 1119 1421 Δία
1154 1359 1228 1421 καὶ
1257 1358 1316 1423 τὸν

165 1453 298 1539 κόσμον,
332 1460 372 1544 τῇ
406 1457 443 1521 δὲ
475 1458 566 1546 ψυχῇ
599 1457 657 1541 τὴν
684 1456 863 1538 querelem
897 1477 1076 1538 quamquam
1110 1459 1181 1538 tingi
1216 1467 1315 1540 potest

164 1557 307 1636 scriptum
330 1559 423 1620 luisse
446 1559 636 1620 concinnius:
660 1561 706 1642 τῷ
732 1557 794 1639 μὲν
820 1553 990 1639 ἀνθρώπῳ
1019 1557 1075 1618 καὶ
1104 1558 1151 1642 τῷ
1181 1556 1312 1640 σώματι

162 1657 220 1720 τοῦ
247 1650 430 1740 ἀνθρώπου
456 1654 513 1720 τὸν
537 1659 605 1719 Δία
631 1656 686 1719 καὶ
713 1656 771 1719 τὸν
797 1654 921 1738 κόσμον
937 1677 996 1737 eqs.
1036 1657 1133 1718 Possis
1157 1659 1313 1721 continere

163 1757 365 1818 dubitationes
388 1759 467 1837 quod
490 1756 627 1836 ambigua
650 1775 769 1837 semper
791 1776 847 1817 vox
870 1756 907 1816 sit
931 1756 1061 1817 muudus
1079 1755 1311 1837 mortaliumque

161 1872 262 1916 rerum
280 1856 451 1934 complexus
468 1855 551 1916 facile
566 1855 655 1916 simul
671 1855 824 1933 cogitetur.
856 1854 968 1915 'lamen
985 1863 1106 1915 strenue
1121 1854 1222 1933 agenti
1240 1856 1309 1936 quid

161 1954 258 2033 aptius
286 1955 414 2016 scribere
436 1955 566 2034 potuerit
593 1962 679 2034 poeta
708 1954 931 2034 quaeritantium
949 1953 1013 2015 erit.
1052 1954 1154 2033 ltaque
1178 1953 1209 2014 in
1235 1955 1310 2017 lranc

161 2052 301 2112 rariorem
347 2053 503 2113 lectionem
540 2052 704 2132 producor:
753 2052 897 2132 Praecepit
929 2053 1053 2114 herrardus
1089 2051 1194 2132 lepem:
1234 2055 1311 2117 deth

161 2169 246 2211 urum
268 2168 322 2231 per
348 2168 443 2213 euaues
475 2151 682 2232 Admoruu‘tque
716 2156 776 2224 sere‘3
794 2152 848 2212 ita
883 2161 916 2212 ut
949 2171 1010 2213 nou
1041 2151 1146 2213 abolita
1182 2153 1222 2215 sit
1252 2155 1307 2215 nisi

160 2250 252 2328 prima
269 2250 407 2311 carminis
423 2249 520 2311 littera
536 2251 705 2319 ramuscula,
723 2251 802 2311 velut
814 2251 932 2311 huthol.
949 2251 997 2310 lat.
1012 2251 1088 2312 Ries.
1102 2248 1174 2319 787,
1188 2251 1206 2311 3
1225 2254 1322 2319 Pari·.

159 2348 242 2409 sinus
258 2348 330 2410 liber
346 2350 485 2419 Accedunt
500 2359 581 2410 testes
596 2368 650 2429 pre
668 2349 825 2410 Prcdecuut
841 2359 935 2426 testes;
958 2350 1034 2412 haud
1048 2349 1233 2411 dissimiliter
1245 2353 1308 2413 llal.

158 2466 184 2507 v.
201 2445 241 2506 33
259 2467 294 2508 ex
309 2448 396 2510 Etsub
412 2447 544 2508 eruimus
559 2445 685 2510 Pressas.
724 2447 787 2509 Nec
801 2467 870 2508 vero
891 2449 967 2509 bene
985 2447 1032 2509 ubi
1049 2447 1136 2509 datur
1152 2448 1307 2529 accipitur.

244 2546 340 2625 htque
363 2547 421 2606 hec
443 2565 480 2606 ue
503 2547 613 2607 frustra
627 2547 792 2626 postulasse
816 2565 863 2606 me
886 2545 1030 2625 increpes,
1053 2545 1132 2607 idem
1156 2565 1308 2627 expresse,

158 2652 246 2724 atque
269 2645 346 2725 apud
371 2645 542 2708 Ciceronem
567 2645 761 2726 Chrysippus,
795 2645 952 2708 consilium
981 2644 1044 2706 ride
1067 2663 1156 2725 quam
1180 2646 1310 2709 fedeliter

157 2753 275 2806 secutus
298 2753 384 2824 poeta
407 2745 458 2817 sit,
494 2744 577 2805 cuius
601 2744 672 2804 haec
698 2763 815 2806 summa
839 2751 896 2805 est:
932 2742 955 2804 Τ
955 2754 1053 2805 oetam
1082 2746 1209 2823 inqemu't
1239 2748 1309 2807 eai-

156 2844 301 2903 heeutc‘bus
337 2841 527 2904 conservandi
561 2845 608 2902 sui
635 2852 742 2904 rectura
770 2845 926 2905 custodium
963 2842 1034 2920 (Cic.
1064 2839 1146 2918 124).
1203 2843 1309 2926 ltaque

157 2940 278 3001 Ovidius
301 2941 357 3001 iste
373 2940 445 3001 nihil
462 2940 498 3001 de
518 2940 684 3002 suodedit:
708 2959 776 3002 nam
794 2960 893 3003 versus
910 2938 997 3002 etiam
1020 2940 1089 3001 inde
1112 2939 1148 3003 ab
1170 2944 1308 3006 secunde

156 3039 196 3111 hi,
219 3038 327 3118 quibus
352 3048 475 3114 „contra
491 3039 549 3100 vim
566 3047 595 3100 et
612 3047 723 3100 metum
740 3041 801 3103 suis
818 3061 850 3102 se
866 3040 957 3102 armis
973 3058 1107 3121 quaeque
1122 3039 1308 3106 defendere“

156 3137 227 3214 (Cic.
248 3138 318 3214 127)
340 3138 518 3200 illustratur:

557 3250 666 3313 vitulus
688 3251 730 3312 sic
752 3270 880 3332 namque
902 3251 1033 3314 minatur

255 3350 313 3422 uui
333 3350 468 3412 nondum
491 3349 566 3429 gerit
590 3349 621 3410 iu
644 3357 745 3412 teuera
768 3351 827 3413 iam
851 3370 991 3412 cernua
1014 3352 1122 3429 fronte,

255 3450 304 3510 Sic
326 3450 461 3511 dammae
483 3449 649 3529 lugiunt,
672 3457 807 3528 pugnant
830 3449 938 3511 virtute
960 3451 1089 3511 leones

254 3547 291 3607 Et
314 3567 438 3610 morsu
461 3548 542 3611 canis
564 3556 593 3610 et
616 3549 724 3609 caudae
745 3548 788 3609 sic
809 3549 943 3627 scorpius
966 3548 1025 3609 ictu

230 3723 233 3730 Ι
254 3646 472 3726 Concussisque
493 3647 564 3710 levis
588 3647 711 3728 pinnis
734 3648 776 3708 sic
798 3649 915 3710 evolat
938 3647 1014 3708 ales

153 3814 213 3876 lere
247 3813 338 3877 verbo
371 3825 459 3878 tenus
487 3815 651 3896 Chrysippo
686 3816 847 3890 debentur,
881 3817 1021 3898 queniam
1045 3816 1146 3878 Cicero
1178 3818 1303 3883 exhibet

151 3914 247 3988 §127
257 3933 264 3974 :
289 3916 424 3977 coraibus
450 3917 538 3988 tcum,
566 3919 632 3994 apri
657 3916 794 3987 dentibus,
820 3933 920 3978 mersu
946 3914 1049 3987 leones,
1077 3915 1137 3976 elie
1161 3916 1235 3997 supe
1260 3937 1301 3989 ee,

151 4013 211 4075 elie
226 4014 400 4075 occulatione
416 4023 560 4089 tutantem
584 4023 614 4076 et
636 4015 743 4076 iterum
768 4013 878 4089 §1212
903 4014 979 4076 oliae
994 4014 1184 4094 (animantes)
1207 4020 1301 4097 spinis

149 4111 274 4175 hirneae
297 4111 346 4191 (cl.
372 4111 558 4191 scorpionem
568 4110 615 4192 l)3
639 4114 712 4175 ulios
733 4131 790 4175 esee
816 4113 951 4175 coraibus
977 4123 1115 4183 armatus,
1143 4114 1219 4176 ullus
1243 4117 1299 4179 he-

151 4210 215 4273 bere
241 4212 346 4292 effecte
364 4230 537 4290 permotum.
568 4211 671 4292 Neque
694 4212 798 4273 dubito
822 4213 894 4292 quin
918 4212 1007 4274 etiam
1031 4230 1189 4274 excursum
1211 4214 1297 4277 illum

151 4328 192 4369 vr.
211 4308 252 4368 49
263 4329 328 4388 sqq.
347 4311 408 4385 (ubi
432 4328 524 4390 aper
544 4310 704 4387 inducitur)
729 4312 891 4392 Chrysippo
914 4320 999 4390 poeta
1022 4311 1138 4374 debeat.
1185 4313 1297 4376 Scribit

149 4404 249 4468 Cicero
272 4406 374 4485 (123):
398 4411 434 4472 At
459 4409 560 4491 quibus
583 4410 674 4471 bestiis
699 4421 762 4473 erut
787 4415 810 4471 ie
831 4413 910 4473 ethus
930 4420 962 4470 ut
985 4412 1059 4473 clius
1072 4415 1185 4490 quere
1200 4412 1297 4475 tuem
