2924 5018
620 302 842 366 „34-

157 481 229 542 bum
253 499 320 542 cum
343 498 397 560 per
411 486 508 540 totum
525 478 684 557 Vergilium
707 478 811 552 semel,
832 476 877 538 bis
899 483 1015 538 tanturn
1039 496 1093 557 per
1115 483 1212 539 totum
1231 475 1309 539 011-

159 580 240 641 dium
269 580 313 641 vel
335 597 388 659 per
409 578 719 640 Translormationum
747 595 887 638 versuum
916 575 1071 637 duodecim
1093 576 1172 638 milia
1195 576 1308 656 depre-

157 678 361 751 henderimus,
390 686 536 758 quantum
557 678 593 740 ab
618 677 674 739 boc
689 685 775 757 poeta
797 674 962 737 hexametri
984 675 1080 735 nostri
1103 683 1224 736 centum
1248 674 1308 736 tri-

158 776 238 855 ginta
263 778 399 839 differant
418 778 531 839 senties
555 777 580 838 si
604 785 665 838 tres
688 777 744 838 hos
766 775 798 837 in
820 775 857 836 iis
879 775 960 835 locos
983 772 1105 835 videris:
1133 773 1217 854 sulco
1241 783 1307 835 ter-

155 895 223 956 9111
246 896 272 936 1.
289 876 344 950 64;
373 879 456 956 cipro
489 887 600 956 tenpore
621 895 648 936 v.
671 874 729 950 953
750 873 850 935 molles
875 882 984 952 tergore
1007 892 1033 933 v.
1052 871 1124 935 126.
1168 872 1243 933 Nam
1267 871 1307 932 ad

157 975 305 1036 sermonis
334 976 506 1038 varietatem
530 975 692 1053 augendam
717 980 832 1054 praesto
854 972 990 1035 videlicet
1014 979 1043 1032 et
1064 971 1150 1051 pellis
1173 978 1204 1032 et
1226 969 1307 1031 cutis

158 1080 242 1134 erant
264 1081 294 1134 et
316 1073 393 1134 coria
418 1080 446 1135 et
470 1073 513 1152 (in
537 1093 564 1134 v.
581 1073 634 1151 64)
656 1072 778 1148 vellera,
808 1090 906 1152 neque
934 1090 995 1132 non
1019 1069 1107 1132 scribi
1129 1068 1307 1149 simpliciter

155 1170 278 1233 licebat:
301 1170 397 1233 fulvae
419 1173 532 1245 damae,
555 1172 633 1249 nigri
648 1170 741 1244 milui,
764 1188 854 1232 ranae
870 1170 988 1244 molles3
1009 1169 1058 1231 ille
1081 1186 1150 1230 vero
1173 1167 1210 1228 de
1232 1166 1309 1228 dac·

156 1269 216 1350 tylo
240 1269 416 1350 desperabat
437 1270 521 1351 pedis
545 1271 650 1350 quinti.

192 1373 200 1397 s
241 1369 344 1430 Restat
377 1378 411 1430 ut
440 1388 515 1448 quae
549 1369 678 1447 scriptor
710 1367 742 1429 in
774 1373 873 1427 artum
893 1365 975 1427 bunc
996 1366 1095 1427 locum
1120 1383 1193 1426 nove
1216 1370 1309 1444 atque

156 1468 245 1528 etiam
267 1467 315 1528 bic
336 1467 395 1528 illic
412 1468 568 1528 temerarie
587 1468 662 1528 dicta
684 1465 895 1544 constipaverit
910 1473 1069 1544 conspectu
1085 1468 1307 1543 proponantur.

156 1567 253 1626 'lenes
276 1567 427 1644 geminum
451 1574 617 1645 parentem,
642 1574 724 1626 tenes
742 1581 839 1624 moras
856 1564 1014 1624 oblectatae
1037 1570 1125 1642 atque
1148 1561 1220 1622 illud
1238 1575 1309 1622 mo·

157 1666 256 1726 decori
274 1664 363 1744 finem
385 1663 450 1736 loci,
474 1671 508 1725 ut
531 1665 586 1725 alia
608 1664 735 1725 mittam.
773 1661 839 1722 Non
861 1662 956 1722 babeo
979 1679 1109 1741 quocum
1132 1677 1307 1738 comparem

156 1763 227 1824 illud
249 1764 377 1824 viridam
400 1762 431 1824 in
455 1782 480 1822 v.
498 1761 538 1822 90
562 1762 717 1823 transitive
739 1760 868 1838 positum
888 1793 932 1803 —
954 1776 1051 1838 neque
1073 1757 1153 1819 enim
1175 1757 1308 1835 Vergilio

155 1861 266 1940 placuit
295 1861 353 1921 nisi
382 1860 570 1940 participium
600 1860 742 1933 viridans,
773 1859 802 1918 id
833 1866 877 1918 est
899 1858 1002 1919 viridis
1028 1890 1070 1901 -
1096 1866 1308 1935 praeterquam

157 1959 237 2038 quod
261 1959 393 2019 Valerius
408 1959 530 2020 Flaccus
546 1958 694 2019 Bacchum
717 1957 836 2018 exbibet
857 1956 956 2017 hastas
979 1954 1103 2015 floribus
1125 1954 1208 2015 nexis
1230 1953 1307 2016 viri-

157 2057 277 2117 dantem
300 2055 424 2117 11136.
469 2056 562 2117 Porro
590 2055 696 2134 reliqui
730 2063 834 2135 poetae
867 2054 998 2115 innocuo
1031 2050 1221 2132 opponebant
1255 2059 1309 2114 aut

155 2162 315 2215 nocentem
338 2163 389 2215 aut
412 2155 551 2230 noxium3
578 2155 634 2216 iste
664 2172 732 2215 vero
762 2161 919 2234 postquam
941 2149 1309 2213 111111111301111111-

158 2262 241 2313 turus
264 2272 290 2313 v.
310 2252 368 2313 116
391 2253 505 2332 posuit,
528 2253 586 2314 iam
609 2273 635 2314 v.
661 2251 720 2313 130
745 2253 884 2313 exhibere
907 2251 1082 2312 adjectivum
1104 2267 1306 2321 1111111111-

157 2351 244 2430 cepit,
269 2352 349 2431 quod
364 2359 481 2431 praeter
506 2352 587 2413 bunc
606 2368 668 2412 non
684 2351 814 2412 occurrit
830 2350 894 2424 ,nisi
917 2349 994 2429 apud
1018 2349 1305 2410 medicamentorum

157 2449 334 2529 scriptorem
357 2450 542 2512 Scribonium
566 2450 692 2530 Largum
723 2450 795 2510 114:
823 2449 959 2530 pastillus
974 2494 981 2508 .
999 2494 1005 2508 .
1023 2493 1030 2508 .
1046 2465 1100 2528 quo
1128 2449 1210 2528 quusi
1231 2465 1305 2509 ccu-

159 2551 229 2609 tcrio
252 2558 320 2609 tuuc
343 2551 539 2612 tautummodo
553 2553 599 2612 cti
618 2558 735 2629 oportet,
759 2549 867 2629 alioqui
890 2557 984 2619 nocet·
1006 2545 1122 2627 ideoque
1145 2563 1163 2607 a
1186 2545 1304 2626 quobus-

160 2646 227 2707 dam
255 2649 454 2727 s'qoorcntibus
484 2652 544 2710 eius
572 2667 642 2710 osus
664 2658 816 2709 accusatur
838 2649 922 2726 quusi
949 2663 1071 2718 nocuum
1087 2637 1202 2724 'postea
1225 2644 1305 2723 apud

157 2743 321 2807 Martialem
333 2747 373 2808 lll
388 2747 428 2808 99
444 2767 469 2808 v.
488 2746 516 2820 3,
540 2748 629 2809 modo
652 2746 823 2826 sequendus
846 2745 895 2806 bic
914 2761 1033 2823 quoqne
1048 2743 1207 2804 l'buaneus
1229 2741 1305 2804 liber

157 2843 196 2905 sit
219 2845 269 2923 qui
293 2863 372 2906 unus
395 2847 517 2924 praebet
536 2847 601 2907 Non
623 2864 742 2918 nocuos,
774 2843 880 2924 reliqui
908 2841 973 2903 fere
997 2858 1117 2902 omnes:
1144 2839 1304 2913 innocuum

157 2948 204 3002 est
226 2942 305 3002 enim
321 2942 465 3006 nimirum
489 2944 575 3005 etiam
599 2944 651 3005 ubi
678 2943 870 3022 corrigendus
893 2941 942 3003 ille
965 2941 1061 3002 sites
1084 2938 1205 3019 reliquis
1228 2955 1303 3000 con-

156 3039 324 3119 trariusque
346 3041 394 3102 bic
416 3042 497 3103 locus
519 3043 599 3103 toret
620 3043 657 3105 iis
679 3060 754 3123 quae
778 3043 814 3103 de
836 3041 887 3102 tali
901 3040 1059 3118 negatione
1081 3037 1304 3100 observavimus

156 3235 287 3313 primum
312 3257 376 3298 esse
403 3238 439 3299 ab
462 3239 695 3302 llalieuticorum
717 3240 863 3319 scriptore
893 3239 1001 3301 ductus
1028 3236 1064 3298 iis
1087 3254 1162 3315 quae
1185 3233 1305 3316 scripsit

156 3332 259 3395 Koene
289 3335 384 3398 Ueber
413 3337 459 3398 die
487 3338 617 3417 Spracbe
644 3340 671 3400 d.
699 3340 802 3400 Roem.
826 3337 935 3417 Epiler
961 3357 990 3417 p.
1011 3333 1083 3395 218.
1127 3333 1212 3395 Nunc
1232 3351 1303 3395 vcro

156 3440 316 3512 postquam
346 3434 474 3498 Neronei
508 3437 591 3498 illum
621 3438 764 3518 temporis
798 3455 865 3497 esse
897 3433 1043 3508 intellexi,
1075 3431 1162 3493 huius
1194 3432 1303 3494 saeculi

157 3530 356 3595 luxuriantem
380 3553 550 3596 sermonem
580 3536 734 3615 agnovisse
757 3541 916 3597 contentus
939 3551 1007 3594 sum
1030 3532 1105 3611 (non
1128 3538 1197 3608 apte
1219 3549 1304 3592 corn·

156 3628 273 3709 parabis
295 3634 395 3710 riguus
418 3635 527 3714 quippe
544 3632 1084 3712 11111111111111111111119111111),
1107 3653 1174 3696 cum
1199 3635 1303 3696 eadem

156 3727 219 3788 fers
249 3736 344 3791 aetate
373 3731 462 3792 etiam
492 3732 676 3795 rarissimum
705 3733 775 3794 illud
804 3739 922 3797 nocivus
949 3735 1247 3813 (11.1)11111111129,
1270 3735 1302 3813 3)

158 3833 257 3887 ortum
281 3846 346 3890 esse
369 3829 518 3905 videatur;
547 3848 645 3910 neque
675 3839 720 3892 est
748 3831 825 3892 enim
854 3851 913 3912 quo
943 3833 1104 3896 confirmes
1132 3834 1220 3897 etiam
1249 3835 1303 3897 ad·

156 3925 301 3988 versarios
330 3927 467 3989 Scriboni
495 3947 565 3990 voce
593 3945 702 3990 nocuus
728 3948 799 3990 usos
826 3930 927 3992 fuisse.
973 3931 1085 3994 Eodem
1112 3934 1176 3995 loco
1203 3933 1301 4014 ipsum

157 4022 295 4086 ordinem
318 4025 475 4088 verborum
506 4027 598 4088 bunc:
634 4031 716 4107 spino
748 4045 857 4092 nocuas
888 4046 948 4090 nou
979 4032 1078 4111 podius
1109 4032 1174 4111 ulla
1208 4040 1237 4093 et
1270 4032 1302 4094 in

158 4119 263 4183 Ovidio
287 4122 503 4187 intolerabilem
526 4124 587 4186 dixi
609 4134 640 4187 et
662 4125 694 4186 in
727 4136 814 4206 poeta
848 4129 951 4208 quovis
985 4130 1078 4206 bon03
1111 4128 1302 4192 scribendum

158 4219 237 4280 enim
260 4221 351 4283 luisse
373 4221 435 4284 lere
457 4227 541 4302 spina
561 4242 623 4286 nou
648 4243 757 4287 nocuas
784 4227 883 4306 qubius
910 4228 987 4303 ullo,
1016 4229 1104 4309 idque
1133 4229 1241 4292 sentiet
1271 4229 1302 4290 ni

156 4313 240 4378 fallor
262 4319 314 4399 qui
337 4327 421 4382 curet
444 4321 514 4400 quid
530 4321 568 4383 sit
589 4322 714 4404 elegam,
738 4343 918 4407 quamquam
941 4327 1083 4390 iudicium
1107 4334 1221 4391 certum
1244 4327 1302 4389 nisi
1332 4391 1335 4398 ,

158 4433 174 4474 1
197 4416 376 4479 collectanea
403 4419 545 4483 similium
573 4421 707 4486 locorum
736 4425 772 4486 ad
803 4444 898 4488 unum
921 4427 1055 4488 omnium
1079 4427 1301 4508 comparatione
