2924 5018
654 314 852 377 ..4-

182 487 334 554 tationem.
366 491 424 551 Sed
436 490 507 552 haec
520 490 631 563 eadem,
655 493 733 570 quod
748 491 795 551 vix
817 509 1014 570 speraveram,
1037 491 1071 552 ad
1084 491 1178 571 ipsam
1191 498 1323 553 nostram

183 589 389 670 quaestionem
412 589 449 650 ab
473 608 507 649 eo
530 589 668 669 adplicari
691 589 743 650 ulai
773 589 881 650 certior
902 589 997 650 lactus
1025 609 1101 663 sum,
1131 590 1238 651 certius
1261 591 1325 650 fac-

160 756 161 759 ,
182 695 247 751 tum
269 688 370 766 potius
393 707 492 750 meum
516 688 588 749 mihi
611 688 754 750 indicium
782 697 826 750 est
853 707 951 767 neque
979 706 1160 769 suspensum
1189 687 1326 768 probavi-

183 806 242 866 que
265 787 345 866 quod
368 795 469 848 contra
492 786 575 848 illum
599 786 728 848 libellum
751 788 913 848 iudicatum
935 787 972 847 ab
995 787 1125 848 Hartelio
1148 787 1206 848 vidi
1225 787 1256 848 in
1279 788 1325 847 Zs.

182 885 202 946 f.
228 885 255 945 d.
285 891 358 946 ostr.
382 885 519 964 Gymnas.
547 884 627 947 1866
655 905 683 965 p.
708 885 779 955 334,
809 885 941 965 seposito
972 884 1047 945 Plini
1076 886 1246 947 testimonio
1274 904 1325 946 oo-

183 983 276 1062 gitare
298 983 387 1043 licere
410 983 581 1046 etiamnunc
603 984 640 1046 de
662 984 811 1046 imitatore
834 983 929 1044 Ovidi.
959 1018 1001 1028 -
1032 983 1095 1045 lam
1125 1002 1194 1045 vero
1221 984 1326 1063 dispu-

174 1082 329 1143 tationem
346 1081 490 1159 Zingerlci
510 1088 539 1142 et
553 1082 717 1143 auctiorem
741 1090 770 1143 et
790 1082 986 1161 patentiorem
1008 1081 1154 1161 inspicere
1177 1083 1253 1154 lieet,
1275 1100 1327 1145 re-

183 1188 298 1260 ceptam
320 1180 351 1241 in
374 1180 577 1241 collectionem
601 1180 649 1242 cui
671 1179 823 1260 inscripsit
845 1179 948 1241 llleine
970 1180 1070 1261 philol.
1091 1180 1326 1259 Abhandlungen

183 1278 217 1349 Il,
242 1279 269 1339 1.
314 1278 430 1341 Videbis
453 1279 543 1341 etiam
566 1279 759 1359 appendicem
788 1279 930 1341 adnexam
953 1279 989 1339 ab
1013 1299 1048 1340 eo
1076 1297 1142 1340 esso
1169 1279 1240 1341 satis
1268 1279 1328 1340 lar-

183 1395 248 1455 gam
277 1377 310 1438 in
338 1397 396 1457 qua
428 1411 470 1422 -
504 1386 681 1456 cognoverat
708 1378 789 1439 enim
817 1395 928 1439 novum
957 1396 1004 1439 me
1026 1377 1082 1439 sibi
1105 1395 1169 1438 esse
1191 1378 1327 1438 adversa-

183 1475 262 1538 rium
278 1511 320 1520 —
341 1477 482 1538 metricae
498 1477 570 1538 artis
593 1477 789 1538 dillerentiam
805 1477 888 1556 siqua
912 1475 949 1537 sit
964 1477 1087 1537 omnino
1111 1476 1210 1537 minus
1233 1476 1329 1536 valere

183 1575 337 1636 adseverat
368 1595 456 1656 quam
484 1575 626 1637 orationis
655 1576 839 1636 observatam
867 1576 1017 1656 quandam
1046 1575 1091 1636 vel
1121 1573 1328 1652 cognationem

187 1674 231 1734 vel
244 1672 479 1735 similitudinem.
509 1673 661 1736 Metricam
677 1674 734 1735 iam
750 1674 876 1735 hierem
892 1681 1051 1758 retractare
1068 1672 1217 1752 displicet3
1233 1670 1329 1732 claudi

186 1771 266 1832 enim
300 1780 543 1851 argumentorum
579 1791 685 1852 agmen
718 1773 830 1834 iuvabit
863 1773 1049 1834 firmissimis.
1103 1770 1328 1832 immorandum

185 1871 320 1949 quamvis
343 1871 470 1932 breviter
492 1871 548 1932 erit
570 1873 601 1932 in
624 1871 766 1932 orationis
795 1871 842 1931 illa
866 1871 1040 1949 cognatione
1064 1888 1139 1950 quae
1169 1887 1236 1930 cum
1259 1885 1329 1929 vero

185 1965 289 2031 Ouidio
313 1969 360 2041 sit,
385 1976 416 2029 ut
439 1968 507 2048 quid
531 1968 624 2030 valeat
646 1989 679 2031 ea
702 1969 819 2030 sentias.
864 1968 977 2030 Accidit
999 1969 1080 2030 enim
1097 1967 1247 2029 defensori
1263 1966 1329 2047 quia

186 2065 308 2126 omnino
342 2083 404 2127 non
437 2067 563 2127 habebat
596 2074 699 2128 contra
734 2086 823 2146 quem
850 2074 996 2147 pugnaret
1030 2074 1064 2128 ut
1097 2065 1329 2128 considerandae

185 2181 256 2223 suae
278 2164 436 2243 studioque
459 2165 583 2226 cavendi
605 2165 692 2226 nimis
715 2183 836 2244 parcere
858 2167 989 2239 auderet,
1012 2165 1141 2244 probans
1163 2165 1193 2226 id
1209 2165 1329 2246 quidem

186 2261 260 2322 nihil
282 2281 347 2322 esse
370 2281 422 2322 cur
445 2262 527 2324 Grati
550 2282 615 2324 esse
639 2263 800 2325 11311331133
824 2272 1024 2326 statueremus
1048 2268 1088 2345 (p.
1114 2265 1152 2326 35
1165 2266 1254 2343 squ),
1278 2282 1331 2323 33-
1419 2320 1421 2324 ,

183 2349 285 2422 133313
309 2359 386 2422 33313
414 2361 531 2422 irruens
558 2362 591 2422 in
618 2362 818 2424 adversarium
845 2364 929 2424 illum
959 2363 1151 2443 ab‘Hauptio
1180 2363 1227 2423 vix
1254 2361 1331 2423 serio

186 2457 288 2519 fictum
311 2457 363 2536 qui
384 2459 526 2520 amissum
549 2459 632 2520 Ovidi
655 2479 773 2522 carmen
797 2470 825 2522 et
848 2461 924 2522 Plini
946 2481 1002 2541 ope
1024 2462 1168 2523 refectum
1191 2479 1207 2520 a
1229 2466 1331 2539 poste-

187 2556 267 2617 riore
294 2556 415 2617 homine
443 2576 508 2618 esse
537 2557 717 2637 opinaretur.
772 2559 856 2621 llicit.
893 2560 979 2631 Quod
1006 2567 1107 2622 tamen
1136 2559 1172 2620 ad
1201 2577 1248 2619 me
1276 2558 1333 2618 hoc

187 2656 252 2716 loco
275 2672 337 2715 non
360 2656 524 2734 pertineret
546 2656 604 2718 nisi
625 2657 775 2736 pertinere
799 2658 834 2718 ad
858 2677 905 2718 me
930 2658 973 2718 vir
992 2658 1096 2719 doctus
1118 2657 1151 2718 in
1172 2655 1332 2737 appendice

187 2753 331 2815 iussisset.
376 2754 469 2833 Igitur
491 2755 654 2817 audiamus
699 2755 804 2817 Ovidio
828 2755 901 2835 eripi
924 2755 1085 2818 Halieutica
1114 2775 1201 2835 posse
1224 2773 1332 2835 perne-

188 2861 237 2930 gat
263 2853 340 2912 11333
366 2871 515 2913 summam
543 2862 663 2933 propter
692 2873 809 2915 causam
838 2854 907 2934 quia
940 2862 969 2915 et
997 2873 1051 2915 sua
1079 2853 1166 2916 rcrha
1198 2861 1333 2934 repetere

189 2969 303 3011 amasse
327 2948 464 3011 Ovidium
488 2958 605 3012 constet
633 2960 662 3012 31
684 2969 790 3012 norem
818 2952 880 3013 fere
903 2951 934 3012 in
963 2953 1035 3032 ipsis
1062 2952 1230 3013 Halieuticis
1262 2953 1334 3012 llos·

190 3049 247 3110 culi
267 3042 403 3109 'duuiani
425 3049 621 3128 reperiantur.
666 3050 866 3130 Comparanda
889 3051 1045 3130 proponit:

189 3207 251 3268 Hal.
276 3206 330 3269 78:
354 3206 398 3268 Et
420 3226 521 3269 nunc
543 3208 705 3270 demisso
729 3219 919 3290 quaerunt
940 3211 1102 3292 vestigia
1124 3221 1249 3273 rostro
1265 3227 1332 3273 cum

232 3305 301 3366 Met.
324 3306 344 3379 l,
369 3303 445 3366 536:
469 3315 503 3367 et
525 3315 681 3367 extento
703 3308 862 3386 stringit
883 3311 1042 3389 vestigia
1064 3317 1199 3371 rostro.

191 3440 253 3501 1131.
277 3439 311 3501 6:
341 3439 397 3501 sio
419 3441 540 3502 evolat
569 3441 648 3503 ales
683 3461 748 3503 cum
779 3443 810 3502 A.
839 3442 872 3502 A.
901 3445 936 3517 ll,
968 3444 1006 3504 19
1041 3445 1176 3525 quihus
1210 3445 1334 3505 avolet

234 3539 313 3600 alas
337 3546 365 3599 et
388 3540 456 3600 Met.
480 3540 501 3611 l,
525 3538 601 3602 264:
626 3540 743 3602 Notus
766 3541 892 3603 evolat
914 3542 992 3603 alis.

192 3671 255 3733 1131.
280 3673 335 3733 54:
359 3680 394 3733 31
415 3673 587 3734 adversis
610 3673 728 3735 infert
751 3694 814 3736 sua
836 3682 989 3755 pectora
1012 3674 1099 3736 telis
1122 3692 1190 3735 cum
1212 3673 1276 3734 Am.
1299 3673 1334 3746 ll,

237 3770 284 3843 to,
301 3769 355 3831 31:
382 3770 515 3831 lnduat
536 3771 704 3844 adversis
727 3773 914 3835 contraria
938 3782 1089 3855 pectora
1112 3773 1206 3833 telis.

193 3904 255 3965 1131.
280 3904 335 3964 59:
359 3905 455 3978 Quid
478 3905 554 3967 nisi
576 3907 726 3985 pondus
747 3907 846 3968 iners
869 3927 936 3970 cum
959 3907 1026 3969 lllet.
1042 3907 1063 3979 l,
1080 3905 1113 3967 8:
1138 3906 1210 3967 Nec
1232 3905 1335 3986 quic-

235 4022 340 4083 quam
374 4005 450 4065 nisi
482 4005 630 4084 pondus
662 4005 763 4066 iners
797 4016 826 4066 et
857 4004 889 4066 A.
919 4007 952 4067 A.
986 4005 1034 4079 lll,
1068 4004 1147 4066 220:
1181 4004 1335 4065 Pondus

235 4102 335 4163 iners
359 4104 557 4182 quondam.

194 4232 255 4294 llal.
279 4230 313 4291 3:
337 4232 406 4306 Qui
429 4234 593 4294 nondum
615 4233 713 4310 gerit
740 4233 777 4293 in
800 4242 928 4294 tenera
957 4234 1029 4295 iam
1052 4249 1188 4295 cornua
1211 4226 1337 4292 fronte

235 4348 305 4390 cum
325 4328 393 4391 Met.
416 4328 476 4400 XV,
499 4329 575 4391 596:
600 4331 747 4392 Cornua
771 4330 895 4393 fronte
917 4333 1015 4409 gerit
1042 4340 1073 4392 31
1094 4329 1184 4390 Trist.
1208 4330 1229 4399 l,
1256 4332 1283 4403 1,
1299 4327 1335 4390 8:
1431 4384 1433 4387 ,

236 4446 304 4488 nco
325 4428 430 4507 nigra
453 4448 590 4491 cornua
612 4429 742 4492 fronte
764 4447 881 4509 geras.
