2924 5018
590 291 831 356 -203-

242 469 316 531 Nam
339 470 464 550 cupiunt
484 469 594 532 animis
615 470 743 550 palmam
766 470 954 550 gaudentque
976 471 1140 551 triumpho.

243 568 302 630 Seu
325 579 440 650 septem
463 569 562 649 spatiis
585 569 663 631 circo
685 587 824 631 meruere
846 586 998 641 coronam,

242 668 349 731 Nonne
373 669 454 731 rides
477 669 569 731 victor
592 675 704 749 quunto
726 667 885 729 sublimius
906 667 998 729 altum

185 775 217 823 ro
245 768 372 830 adtollat
395 777 482 848 caput
505 777 535 829 et
556 766 635 846 rulgl
658 786 691 829 so
714 765 845 829 venditet
866 764 977 830 aurae?

242 868 361 929 Celsare
384 887 452 930 cum
476 886 561 930 caeso
585 868 762 929 decorentur
783 875 864 945 terga
887 867 982 939 leone,

240 967 336 1040 Quam
360 966 491 1029 tumidus
514 976 687 1047 quantoque
709 965 789 1027 venit
810 965 1066 1046 spectabilisactu

241 1065 473 1148 Concrispatque
496 1067 592 1127 solum
616 1082 760 1144 generoso
783 1066 897 1127 concita
918 1067 1005 1146 pulsu
1045 1110 1048 1116 ·

242 1165 356 1243 Ungula
379 1166 436 1228 suh
457 1164 559 1245 spoliis
581 1163 708 1244 graviter
729 1164 884 1226 redeuntis
906 1164 1023 1245 opimis.

185 1271 217 1321 75
243 1263 322 1336 Quin
346 1264 409 1325 laus
433 1264 527 1344 prima
549 1281 668 1337 eanum
690 1262 798 1342 quihus
821 1272 866 1325 est
888 1263 1008 1326 audacia
1030 1282 1171 1345 praeceps

240 1363 433 1443 Venandique
455 1381 542 1442 sagax
565 1363 660 1425 virtus
682 1361 819 1443 viresque
841 1363 996 1443 sequendi,

241 1462 324 1535 Quae
347 1480 429 1523 nunc
450 1463 535 1524 elatis
557 1462 705 1523 rimantur
727 1461 850 1523 naribus
872 1480 978 1524 auram

241 1560 278 1621 Et
300 1578 381 1622 nunc
404 1561 534 1622 demisso
557 1569 706 1641 quaerunt
728 1560 848 1639 vestigia
869 1568 967 1623 rostro

241 1658 279 1720 Et
300 1660 431 1740 produnt
453 1661 583 1723 clamore
605 1660 697 1723 leram
722 1660 939 1743 dominumque
960 1663 1093 1724 vocando

184 1765 217 1815 88
243 1758 431 1839 increpitant.
475 1760 571 1833 Quem
595 1761 621 1821 si
644 1759 770 1822 conlatis
792 1760 896 1840 elingit
918 1761 1019 1836 armis,

240 1856 411 1937 Insequitur
432 1859 624 1939 tumulosque
646 1859 727 1920 conis
748 1878 927 1940 camposque
949 1879 1002 1940 per
1024 1861 1134 1923 omnis.

184 1954 235 2005 stt
325 1953 373 2005 Ast
390 1955 450 2007 eliis
469 1964 566 2008 terram
584 1958 710 2008 cedamus.
745 1957 858 2024 Namque
875 1957 971 2009 marim

240 2037 348 2099 Noster
370 2038 401 2099 in
423 2046 487 2101 arte
509 2039 591 2102 labor
613 2039 737 2121 positus,
760 2059 830 2120 spes
853 2040 951 2103 omnis
972 2040 1004 2102 in
1027 2041 1082 2102 illa.

241 2136 302 2196 Nec
323 2147 423 2199 tamen
446 2139 479 2201 in
501 2139 614 2201 medias
637 2139 730 2220 pelagi
752 2147 782 2202 te
805 2158 930 2220 pergere
952 2140 1039 2203 sedes

240 2235 425 2297 Admoneam
448 2238 580 2317 vastique
604 2239 694 2303 maris
717 2246 863 2318 temptare
886 2237 1084 2318 profundum3

180 2340 212 2390 85
240 2334 322 2396 lnter
346 2343 506 2418 utrumque
528 2337 584 2398 loei
608 2338 715 2399 melius
737 2337 931 2400 moderabore
952 2339 1052 2400 linem.

182 2431 327 2484 85bPiseos
346 2435 468 2485 observes
486 2435 546 2500 quid
563 2441 647 2486 ament
665 2450 695 2485 uc
713 2435 778 2487 dona
795 2435 923 2487 locorum:

184 2522 216 2573 88
244 2515 321 2577 Num
346 2535 432 2578 mons
455 2517 611 2580 horrentes
633 2516 771 2580 demittat
792 2519 899 2581 celsior
921 2520 1041 2581 umbras
1095 2597 1102 2607 .

241 2615 275 2675 ln
297 2634 379 2677 mare
401 2615 484 2694 (nam
509 2617 588 2679 varie
610 2618 754 2697 quaedam
777 2617 955 2698 fugiuntque
978 2616 1155 2699 petuntque)

184 2720 216 2770 88
243 2712 354 2792 Aspera
377 2731 449 2776 uum
473 2716 552 2777 saxis
574 2717 635 2778 loca
658 2717 719 2778 sint
741 2715 824 2795 (uam
848 2717 915 2779 talia
938 2717 1033 2778 lentos

241 2810 411 2892 lleposcunt
425 2814 570 2888 calamos,
593 2825 623 2878 at
644 2833 753 2895 purum
776 2816 850 2879 retia
871 2815 963 2893 litos),

178 3214 211 3264 90
241 3206 316 3268 Num
341 3208 413 3270 vada
437 3209 571 3272 subdatis
594 3213 652 3275 imo
675 3213 839 3276 vindentur
861 3212 897 3274 ab
919 3213 1019 3274 herbis

181 3301 347 3368 90hGurgitc
366 3315 392 3357 et
410 3315 438 3357 ut
455 3309 563 3360 conchae
582 3312 661 3376 piscis
680 3316 799 3376 pascatur
816 3312 913 3362 inertes

241 3385 434 3469 Oblectetque
457 3409 553 3452 moras
576 3402 606 3454 et
628 3393 708 3454 molli
731 3394 837 3455 serviat
857 3394 948 3472 algae.

326 3487 480 3569 discripsit
503 3493 587 3552 sedes
611 3492 687 3553 varie
710 3500 815 3553 natura
838 3492 979 3572 profundi

243 3583 303 3645 Neo
325 3596 447 3650 cunctos
470 3608 529 3651 una
552 3589 645 3651 voluit
667 3592 832 3653 consistere
854 3590 960 3669 pisces.

241 3681 315 3743 Nam
338 3687 466 3762 gaudent
488 3683 591 3768 pelago
614 3689 715 3769 quales
738 3684 926 3769 scombrique
947 3687 1107 3768 bovesque,

175 3787 208 3836 95
242 3781 366 3862 Hippuri
388 3787 497 3849 celeres
520 3795 550 3848 et
571 3784 657 3866 nigro
681 3795 798 3867 tergore
820 3786 903 3849 milui

242 3880 280 3941 Et
301 3882 451 3961 pretiosus
475 3885 577 3967 helops
602 3886 712 3948 nostris
735 3886 905 3967 incognitus
928 3885 1018 3950 undis

241 3980 281 4040 Ao
304 3981 396 4042 durus
420 3982 531 4065 xiphias
554 3987 614 4047 ictu
638 4003 698 4046 non
723 3985 822 4047 mitior
845 3980 925 4046 ensis

241 4077 279 4138 Et
299 4078 395 4158 pavidi
419 4101 525 4160 magno
548 4084 697 4162 fugientes
719 4083 837 4163 agmine
860 4083 976 4164 thynni,

142 4215 351 4225 ...η-...Μ

188 4282 356 4361 'cupra
392 4283 444 4345 88.
462 4311 485 4362 ρ.
499 4294 539 4345 at.
576 4287 628 4350 71.
646 4312 669 4363 p.
685 4296 723 4348 tr.
760 4285 909 4364 inpos.
950 4286 1098 4367 'lupia
1134 4289 1282 4368 wapro.

141 4362 194 4424 8⁰.
207 4388 229 4441 p.
242 4376 282 4426 ts.
311 4365 484 4443 818881..
502 4376 531 4430 11
543 4390 577 4444 q.
607 4368 661 4429 85.
674 4394 697 4445 p.
713 4379 750 4430 12.
765 4378 805 4430 ac.
833 4367 937 4446 eosq.
952 4378 984 4431 er.
998 4396 1020 4447 p.
1036 4384 1092 4435 tos.
1119 4368 1174 4434 88.
1188 4400 1211 4450 p.
1226 4382 1282 4436 too.

141 4446 194 4507 Sil·
212 4472 236 4524 p.
249 4457 289 4510 26.
303 4458 344 4510 28.
398 4450 450 4511 illl·
468 4475 490 4527 p.
506 4458 546 4511 2⁷.
595 4451 765 4529 ttoo.p.tn.
812 4450 865 4519 ill·
883 4477 906 4528 p.
921 4462 961 4512 29.
977 4464 1034 4516 ttt.
1082 4455 1134 4516 ild.
1152 4481 1174 4532 p.
1188 4467 1283 4533 55eqq.
