2924 5018
616 274 838 342 ..ῇο-

155 451 187 513 io
228 456 329 532 tergo¹
342 464 409 518 tuot
450 454 577 536 ideoque
619 475 691 537 quoe
728 456 842 518 anthias
876 473 936 517 ooo
970 453 1059 528 uidet,
1103 472 1228 536 quarum
1244 496 1247 501 -
1264 454 1305 517 in

157 548 248 610 altera
278 572 350 632 quoe
379 554 585 616 nominativus.
608 554 641 615 in
671 555 762 616 altera
790 554 971 617 accusativus
1001 566 1065 631 ost3
1095 554 1134 621 ita
1165 561 1199 613 ut
1224 563 1305 632 tergo

156 647 301 733 locativus
334 653 419 733 quasi
452 653 491 715 sit
523 653 699 716 adiectivum
733 650 946 715 admirabiliter
967 653 1024 733 ipsi
1052 651 1218 715 accusativo
1232 709 1234 712 Α
1248 651 1304 712 ad-

156 745 291 810 haereat!
335 751 516 831 Legitimum
544 751 668 815 fuisset:
696 771 777 813 arma
797 759 882 831 tergo
909 770 985 832 quae
1010 750 1121 831 adspici
1142 749 1178 812 ab
1202 748 1304 811 anthia

157 856 323 925 nequeunt.
367 852 464 935 Atque
489 848 597 912 licebat
617 869 735 912 versum
758 869 938 931 componere
959 851 1098 919 facillima
1120 848 1302 911 mutatione:

156 943 280 1007 Anthios
303 947 349 1009 his
372 948 456 1027 tergi,
479 966 556 1028 qnae
578 949 744 1021 nonvidet,
771 948 865 1012 utitur
886 949 977 1011 armis
988 948 1054 1022 Vim
1077 948 1180 1028 spiam
1201 943 1304 1015 novit·

158 1060 215 1123 que
247 1061 328 1105 suae.
373 1046 431 1108 Sed
465 1046 608 1127 scriptum
640 1047 670 1108 id
705 1048 774 1109 olim
806 1065 909 1110 revera
941 1046 1035 1109 fuisse
1067 1043 1303 1127 improbabiliter

158 1148 280 1204 statum.
1166 1166 1169 1171 ·
1208 1188 1211 1192 ,

243 1239 423 1305 Misceantur
445 1241 582 1323 gravibus
604 1241 729 1319 leviora;
762 1242 950 1323 participium
978 1241 1071 1322 [imos
1092 1240 1138 1302 bis
1160 1239 1243 1302 adest
1268 1238 1301 1301 in

159 1337 393 1404 Halieutioorum
418 1341 587 1404 centenario
608 1341 738 1421 ambitu·;¹
767 1340 889 1403 Ovidius
918 1337 976 1403 hoc
996 1340 1119 1416 verbum
1141 1337 1213 1400 satis
1229 1354 1302 1398 raro

158 1438 274 1518 posuit3
297 1438 474 1502 infinitivum
497 1438 590 1501 habes
611 1438 679 1500 Met.
695 1439 758 1510 Vll,
782 1438 843 1499 545
866 1438 952 1519 fidere
973 1457 1060 1501 curro
1082 1438 1311 1517 (quantorum

158 1537 257 1622 locum
293 1538 426 1600 imitator
459 1557 521 1601 non
554 1538 706 1620 ignorasse
739 1537 884 1618 videtur);
920 1557 969 1619 ope
1002 1538 1066 1618 fidis
1098 1537 1203 1616 equino
1235 1532 1304 1594 Met.

158 1633 207 1708 ΙΙΙ,
243 1635 321 1712 1253
349 1637 541 1719 ‚participium
573 1638 664 1719 fidens
696 1638 789 1700 semel
820 1622 879 1699 vidl
906 1635 983 1698 Met·
1000 1636 1072 1706 vlit,
1098 1632 1159 1694 370
1195 1631 1303 1711 fideru-

159 1752 211 1814 puc
243 1735 402 1798 recentibus
434 1722 538 1810 armis,·
575 1737 646 1818 fisos
682 1735 822 1815 praetulit
856 1744 886 1798 et
917 1735 986 1796 Met.
1013 1734 1075 1805 XV,
1108 1730 1170 1792 827
1204 1737 1233 1791 et
1266 1748 1304 1790 ex

159 1831 256 1893 Ponto
279 1833 325 1907 tv,
348 1833 378 1903 9,
402 1833 460 1909 783
494 1843 596 1896 contra
618 1834 762 1913 Vergilius
787 1834 879 1914 fidens
901 1836 1073 1913 frequenter
1094 1828 1303 1910 praeamabat-

159 1949 217 2010 que
244 1932 301 1992 hoc
324 1933 464 2005 verbum,
499 1951 652 2012 nunquam
675 1932 753 2012 fisus.
798 1931 911 1992 Tamen
939 1938 1041 1992 corrtra
1067 1927 1160 2008 fidens
1182 1925 1304 2006 pedibus

159 2028 237 2108 quod
265 2038 310 2090 est
339 2029 401 2091 Hal.
425 2029 466 2092 63
488 2031 639 2111 disputare
661 2029 740 2091 nolo.
784 2029 892 2090 Promo
914 2030 1012 2090 locum
1035 2026 1159 2088 alterum
1183 2023 1235 2103 qui
1257 2031 1304 2084 est

158 2119 188 2186 νζ
208 2125 324 2210 53211*
636 2115 639 2118 ’
1205 2119 1208 2127 ’
1276 2132 1278 2136 ‘

190 2287 191 2290 ,
259 2238 388 2322 Impiger
411 2258 478 2302 ecce
500 2239 546 2301 leo
569 2247 731 2302 venantum
753 2246 888 2301 sternere
910 2239 1008 2321 pergit
1085 2246 1088 2252 ’
1210 2234 1213 2241 ’

259 2338 383 2426 Agmina
406 2348 436 2400 et
458 2338 630 2401 adversis
652 2339 766 2411 infert
787 2356 850 2400 sua
872 2344 1020 2418 pectora
1041 2337 1107 2398 telis

259 2436 383 2516 Quoque
405 2437 486 2499 venit
508 2435 634 2499 fidens
657 2437 751 2515 magis
774 2444 803 2497 et
826 2434 968 2498 sublatior
989 2434 1073 2498 ardet
1095 2453 1158 2523 eqs.

158 2552 322 2634 inquibus
352 2556 474 2636 ponitur
495 2557 588 2638 pidaras
610 2575 670 2619 non
693 2528 828 2636 adposito
851 2558 897 2619 vel
917 2539 1109 2645 ablativo-vel
1133 2554 1243 2627 dativo,
1268 2554 1301 2616 id

159 2653 238 2731 quod
269 2672 329 2716 non
359 2657 428 2719 lecit
449 2657 585 2730 Ovidius,
615 2664 645 2719 at
668 2674 738 2718 vero
761 2655 905 2735 Vergilius
928 2657 1001 2718 Aen.
1024 2654 1073 2726 XI,
1096 2653 1175 2729 3703
1210 2671 1300 2732 quem

158 2751 255 2857 locum
278 2764 413 2818 accurate
435 2756 460 2817 si
482 2756 607 2835 legeris:

257 2867 341 2927 dude
363 2875 451 2948 atque
473 2868 667 2929 adversum
690 2866 810 2929 lidens
833 2866 889 2928 fer
910 2874 1040 2946 pectus
1063 2864 1094 2927 in
1117 2865 1244 2938 bostem,

85 3008 89 3017 ¹
158 3001 221 3046 non
244 2985 393 3049 dubitabis
415 2986 611 3066 Vergllianam
633 2986 711 3047 hanc
733 2985 928 3047 imitationem
952 3004 1121 3066 agnoscere.
1162 2985 1300 3046 Ceterum

157 3082 247 3162 fidem
269 3088 360 3146 ociori
380 3084 515 3147 absolute
536 3086 636 3166 posuit
657 3083 799 3164 Vergilius
821 3085 892 3146 den.
916 3085 951 3159 ll,
975 3085 1025 3147 ot.

189 3196 192 3204 ·
243 3183 379 3261 Pergitnr
406 3190 506 3245 autem
536 3184 568 3245 in
598 3183 660 3245 llal.
688 3202 716 3244 v.
739 3184 780 3243 57
809 3184 845 3245 de
872 3184 958 3245 leone
984 3182 1079 3246 verbis
1101 3202 1189 3263 supra
1212 3179 1302 3244 casti-

157 3280 250 3359 gatis:

301 3379 430 3442 Procidit
453 3385 541 3461 atque
564 3399 620 3442 suo
642 3389 783 3460 properat
803 3379 860 3441 sibi
881 3380 990 3441 robore
1011 3380 1114 3440 letum.

158 3497 279 3561 Ovidius
312 3501 401 3563 verbo
428 3519 583 3582 properare
616 3500 798 3562 transitivam
822 3518 910 3580 quam
933 3500 1035 3561 dicunt
1062 3495 1216 3560 notionem
1239 3517 1301 3559 non

157 3597 304 3661 tribuebat
336 3599 393 3661 nisi
426 3599 595 3663 informis
628 3598 734 3680 passivi
764 3598 896 3678 generis,
929 3598 1016 3677 quale
1048 3606 1094 3658 est
1118 3607 1302 3676 properatur

157 3713 240 3757 amor
269 3697 334 3758 dm.
359 3698 407 3772 ΙΙΙ,
438 3699 465 3770 1,
494 3697 552 3773 693
584 3697 651 3759 Met
679 3695 810 3770 v‚-396‚
842 3697 915 3758 item
948 3705 1116 3775 properator
1148 3695 1223 3757 dixit
1253 3714 1301 3757 res

156 3794 301 3874 plurimas
330 3796 409 3858 velut
437 3795 561 3876 gloriam
591 3795 720 3858 carmina
744 3794 844 3856 oscula
866 3793 985 3855 foedera
1007 3793 1056 3855 fila
1077 3793 1198 3868 similia,
1228 3794 1301 3856 item

156 3893 337 3975 voluptatem
375 3912 437 3957 uon
476 3914 540 3957 esse
578 3894 651 3956 dixit
686 3893 905 3975 properandum
942 3892 1004 3954 Art
1038 3892 1080 3967 ΙΙ,
1114 3893 1186 3955 717.
1240 3893 1300 3957 Sed

156 3987 258 4054 activis
289 3991 371 4054 verbi
403 3993 507 4055 formis
537 4010 702 4073 numquam
732 3990 917 4055 transitivam
943 3991 1003 4053 vim
1024 3993 1152 4072 addidit,
1183 4009 1302 4072 semper

156 4088 391 4165 intransitivam3
418 4091 456 4152 cl.
480 4091 547 4153 Met.
570 4090 620 4165 Ill,
643 4090 721 4166 6573
748 4090 796 4165 ΙΙΙ,
819 4089 896 4165 3173
927 4110 969 4176 ex*
985 4087 1082 4155 Ponto
1104 4090 1152 4165 ΠΙ,
1176 4090 1205 4164 5,
1229 4082 1249 4151 9
1271 4100 1303 4153 ot

157 4187 289 4268 exempla
308 4186 422 4269 reliqua
444 4188 604 4251 innumera
625 4189 698 4251 fero.
736 4189 818 4262 Quae
839 4190 907 4270 quia
928 4199 988 4252 tam
1006 4190 1097 4252 multa
1111 4198 1192 4265 sunt,
1215 4198 1301 4269 cante

156 4285 181 4346 is
204 4294 272 4365 aget
294 4286 345 4366 qui
373 4287 490 4349 leonem
519 4286 602 4347 illum
631 4287 661 4348 in
683 4286 869 4351 Halieuticis'
886 4288 979 4351 letum
1008 4286 1066 4349 sibi
1091 4293 1300 4367 properantem

156 4383 413 4455 rectenellasoni
435 4384 616 4465 adsignarint
630 4386 823 4450 addubitabit.
863 4386 1005 4467 Vergilius
1027 4385 1144 4465 estqui
1166 4386 1247 4449 bunc
1267 4384 1301 4447 in
