2924 5018
612 300 852 364 -me-
985 280 990 289 '

161 490 221 551 quo
257 472 389 533 remedio
427 473 517 534 etiam
547 473 653 535 iulides
682 475 955 555 scolopendraeque
991 484 1200 540 averterentur
1238 497 1309 563 per-

160 570 288 632 niciosae
303 571 429 650 piscanti
445 579 474 633 et
490 573 632 634 molestae
648 573 808 635 admodum
826 574 873 653 (fr.
891 575 941 648 VJ:

264 722 363 781 Κείου
390 718 427 782 δὲ
453 719 493 802 δὴ
521 723 692 794 σκέπτοιο,
718 719 757 784 τό
779 744 834 784 κεν
859 720 914 783 καὶ
941 713 1075 784 ἰουλίδα
1096 719 1229 806 μάρχον

262 814 392 881 Πολλδν
417 814 646 903 ἀποτρωπῷτο
673 820 728 881 καὶ
758 818 892 902 ἰοβόλον
918 816 1179 905 σκολόπενδραν,

160 980 276 1055 (Athen.
294 979 356 1040 304
368 980 417 1055 F);
444 981 573 1042 odiosam
595 982 674 1043 enim
698 982 774 1044 banc
799 982 924 1044 istarum
949 982 1143 1045 bestiolarum
1167 992 1307 1046 naturam

159 1097 224 1140 esse
246 1087 278 1139 ut
302 1078 596 1157 Schweighaeuserus
619 1081 758 1161 respexit,
781 1081 821 1142 ita
838 1081 967 1160 neglexit
980 1081 1145 1145 Meinelrius
1163 1081 1308 1157 (Exercit.

70 1168 72 1171 ’
158 1177 229 1257 phil.
245 1177 271 1236 11
286 1198 315 1258 p.
335 1175 383 1242 15.
414 1179 497 1239 duel.
514 1178 578 1239 crit.
594 1198 623 1259 p.
643 1177 716 1257 139)
737 1198 804 1240 curn
833 1173 1108 1261 ἀποτρωπᾶσθαι
1135 1180 1307 1242 illudidern

160 1294 223 1338 esse
252 1286 341 1358 atque
370 1297 408 1340 eu
434 1279 531 1340 lustris
566 1278 653 1356 longe
679 1278 797 1339 educere
826 1277 950 1339 iuberet.
992 1279 1037 1340 Tu
1074 1273 1306 1341 ἀποπτοιοττο

159 1376 303 1438 scriberes
331 1377 387 1439 nisi
413 1376 444 1439 in
479 1376 634 1438 sententiis
661 1376 717 1438 illis
743 1373 865 1437 iudaicis
891 1376 965 1438 lalso
992 1377 1176 1458 Pbocylidois
1197 1397 1227 1438 v.
1247 1375 1306 1439 133

157 1473 255 1553 ipsum
281 1470 556 1557 ἀποτρωπᾶσθαι
584 1474 707 1535 vidisses
734 1493 826 1536 sensu
853 1475 957 1536 eodem
984 1495 1020 1536 ex
1042 1476 1179 1538 codicum
1199 1476 1306 1537 lectiu-

160 1571 247 1634 nibus
262 1574 453 1654 probabiliter
464 1594 480 1635 a
492 1573 616 1653 Berglrio
628 1574 809 1637 restitutum.
831 1573 891 1635 lam
906 1593 974 1635 vero
986 1574 1017 1635 in
1029 1575 1162 1637 carmine
1175 1574 1305 1637 Numeui

158 1674 260 1750 generi
285 1674 477 1736 artificiorum
504 1673 730 1754 piscatoriorum
758 1689 952 1752 escarumque
973 1673 1026 1735 uui
1049 1673 1157 1754 cuique
1179 1692 1305 1736 suorum

158 1771 283 1850 piscium
312 1773 496 1834 enumeratio
522 1768 763 1842 subnectebatur,
789 1769 919 1850 indeque
935 1771 1172 1834 enumerationis
1193 1772 1304 1834 seriem

157 1869 223 1950 plus
240 1888 329 1933 unam
344 1870 437 1932 fnisse
452 1879 583 1951 apparet.
613 1871 745 1943 Quarum
761 1887 820 1932 uua
836 1869 883 1930 bis
899 1869 1010 1950 incepit
1025 1869 1137 1932 verbis:

216 2028 278 2105 (Vl)
305 2030 423 2089 Totoi
445 2049 481 2089 κε
503 2025 673 2110 θηρήσαιο
696 2035 818 2108 ‹purete›
840 2022 1029 2108 λελιημένος
1053 2016 1155 2105 ίχθόν

301 2122 338 2207 ἠὲ
359 2127 462 2207 μέγαν
485 2118 668 2188 συνόδοντα
690 2121 709 2206 ἢ
732 2120 888 2209 ἀρνευτὴν
911 2130 1080 2207 ἵππουρον
1142 2123 1144 2127 ’

273 2273 276 2279 .
304 2220 338 2306 ἠὲ
361 2220 490 2307 φάγρον
512 2223 634 2307 λοφίην
656 2220 711 2288 ὁτὲ
733 2220 765 2286 δ’
791 2218 971 2306 ἀγρόμενον
987 2220 1142 2307 σκιαδῆα.
1180 2222 1305 2303 (Athen.

342 2319 345 2325 ·
966 2319 1265 2399 mmumm

157 2436 210 2499 alia
234 2436 273 2498 ita
296 2435 509 2498 inducebatur:

202 2575 274 2650 (Vll)
303 2576 424 2636 Τοίσί
447 2593 502 2635 κεν
525 2567 690 2655 εὐμαρέως
712 2567 869 2654 θαλάμης
892 2567 961 2634 ἀπο
984 2569 1111 2654 μακρόν
1133 2565 1264 2655 ἀείροις

300 2668 462 2754 σκόρπιον
483 2668 503 2755 ἢ
526 2666 632 2755 ὀρφόν
648 2671 860 2753 περιτρηχέα·
890 2670 954 2733 τόν
975 2666 1037 2753 γάρ
1059 2665 1116 2732 ἐπ’
1138 2665 1305 2753 ἄκρης...

1011 2766 1262 2847 mmmm)

159 2921 218 2980 quo
245 2902 281 2962 de
307 2902 373 2962 loeo
395 2901 484 2962 nimis
506 2901 626 2980 ingenio
641 2919 695 2962 suo
711 2853 829 2982 praeter
844 2899 915 2961 alios
931 2898 1095 2961 Meinekius
1109 2897 1237 2961 indulsit
1253 2900 1306 2979 qui

156 2999 248 3061 edidit
272 2999 338 3061 τόν
362 2997 425 3081 γὰρ
448 2997 507 3079 δρᾷ
526 2999 602 3082 κρῆς
623 2997 800 3080 [ἐσθιέμεν]
821 2999 905 3078 quasi
921 3017 983 3060 nou
998 2988 1200 3079 περιτρηχέα
1213 2997 1305 3087 simul

155 3097 226 3159 illud
253 3098 288 3159 ad
310 3098 497 3177 scorpionem
514 3099 669 3177 pertinens
691 3097 836 3177 explicare
852 3097 925 3159 velle
945 3104 1033 3177 poeta
1052 3096 1194 3176 potuerit,
1222 3096 1304 3159 bunc

155 3196 186 3256 iu
204 3195 340 3258 modum:

757 3308 822 3370 τῶν
843 3306 905 3388 γάρ
928 3301 986 3367 ἐπ’
1010 3301 1110 3388 ἄκρης
1150 3350 1153 3355 -

256 3405 353 3491 αὔρης
374 3405 410 3468 τὲ
431 3405 575 3491 κεφαλῆς
597 3430 632 3470 τε
654 3401 832 3488 φοβημοπα
855 3414 963 3466 κεῖται
986 3398 1155 3465 ἀκάνθων.

154 3557 218 3635 lpsa
231 3567 330 3618 autem
344 3557 465 3619 uomina
477 3557 652 3638 plerumque
668 3553 850 3618 disiunctivis
865 3552 1015 3633 particulis
1030 3551 1302 3630 subiungebantur‚

155 3653 308 3715 interdum
335 3655 545 3728 coniunctius,
572 3657 630 3717 luit
654 3656 779 3718 fortasse
806 3653 893 3715 etiam
920 3650 971 3713 ubi
1000 3651 1125 3732 perinde
1151 3658 1241 3735 atque
1269 3652 1302 3715 in

154 3751 254 3815 latinis
281 3753 445 3815 halieuticis
471 3754 615 3833 porticula
641 3754 764 3815 omniuo
791 3751 989 3815 omitteretur.
1031 3750 1096 3812 lluc
1120 3748 1213 3829 igitur
1238 3760 1302 3815 tra·

155 3850 252 3914 nenda
275 3851 440 3931 fragmenta
463 3850 578 3931 (vitiosa
601 3852 746 3933 quaedam
769 3851 927 3913 emendure
947 3850 1133 3931 pergemus):

184 4000 271 4082 (vul)
294 3996 316 4083 ἢ
336 3998 455 4083 χρόμιν
475 3997 496 4082 ἢ
518 3997 705 4079 κάλλιχθυν
725 3996 747 4083 ἢ
768 3993 860 4082 ὕκην,
882 3993 1000 4060 ἄλλοτε
1022 3992 1056 4059 δ’
1079 3990 1184 4078 ὀρφόν
1235 4038 1261 4065 ,-

295 4096 316 4182 ἢ
348 4093 492 4177 γλαῦκον
526 4096 699 4180 περόωντα
730 4096 815 4160 κατὰ
846 4099 927 4179 μνία
959 4090 1301 4265 σιχαλρὲενέμΒὲξθῦΒ

210 4328 315 4414 (ΙΧ)ἢ
348 4330 465 4415 λευκὴν
499 4326 662 4425 συόδοντα
699 4326 822 4413 βόηκάς
854 4351 888 4390 τε
923 4323 1087 4485 τρικκοόςί
1107 4326 1303 4487 ρεῃῗὸδῖ

1055 4444 1092 4486 c.
1208 4430 1220 4502 )
1293 4460 1297 4465 -
