2924 5018
625 295 841 358 ..48-

304 471 370 531 Non
393 477 507 532 veteres
530 470 656 544 Thebas,
680 489 736 531 nec
759 471 900 548 Pergama
924 489 1036 532 nomen
1061 470 1182 531 Homeri

346 569 450 631 Xerxis
474 577 503 630 et
524 570 651 650 imperio
674 568 744 631 bina
767 569 863 630 coisse
886 570 967 637 vada,

161 704 206 765 vix
229 722 299 765 casu
322 703 427 765 similia
450 703 603 764 coniunxit
626 703 732 765 Culicis
756 709 843 782 poeta
866 723 892 763 v.
909 703 967 762 27:

303 828 400 889 Triste
422 827 497 888 lovis
520 828 687 908 Rhoetique
710 830 789 890 canit
811 847 873 895 non
895 829 1000 908 pagina
1023 828 1143 903 bellurn,

302 926 426 1005 Phlegra
448 927 590 1003 Giganteo
613 946 714 1007 sparsa
737 935 783 988 est
806 946 864 1006 quo
886 928 1029 1007 sanguine
1052 928 1148 999 telius,

302 1025 363 1086 Nec
385 1024 567 1085 Centaureos
591 1025 730 1104 Lapithas
754 1046 817 1106 cqc.

302 1122 364 1184 Nec
385 1123 536 1203 perfossus
558 1124 650 1184 Athos
674 1144 729 1186 nec
751 1143 861 1204 magno
884 1125 999 1186 vincula
1022 1132 1115 1204 ponto

301 1221 378 1282 lacta
398 1240 465 1282 meo
490 1232 632 1301 quaerent
654 1223 712 1284 iam
736 1244 800 1286 sera
820 1225 970 1286 volumine
991 1225 1100 1286 famam

159 1354 190 1409 et
209 1367 282 1428 qnae
305 1356 480 1428 sequuntur.
519 1349 601 1420 Quae
622 1359 777 1428 exceperat
800 1369 900 1412 uersus
922 1350 961 1411 35
983 1350 1063 1411 hunc
1086 1349 1117 1409 in
1139 1347 1289 1409 modum:
1309 1396 1312 1401 .

301 1473 398 1535 Mollia
422 1473 472 1533 sed
496 1473 581 1533 tenui
604 1473 679 1553 pede
702 1475 821 1547 currite,
844 1475 983 1535 carmina.
1004 1497 1005 1500 ¹
1028 1475 1137 1537 Versus

302 1571 418 1633 Vicibus
441 1580 507 1650 apta
531 1571 591 1631 suis
614 1571 733 1633 Phoebo
758 1574 832 1634 duce
854 1574 955 1635 ludere
977 1575 1100 1651 gandet3

158 1713 195 1773 de
218 1731 276 1791 quo
298 1713 362 1773 loco
380 1711 525 1790 disputavi
541 1711 559 1771 1.
575 1712 593 1772 1.
609 1730 639 1791 p.
657 1712 704 1772 17.
742 1713 804 1773 Iam
827 1712 877 1793 qui
899 1731 964 1773 rem
981 1711 1108 1790 probent
1122 1700 1310 1789 probaturos¹

159 1811 247 1872 etiam
269 1811 427 1872 lectionem
451 1829 514 1871 esse
538 1829 634 1888 spero.

242 1909 323 1969 Idem
347 1927 420 1970 num
444 1908 532 1969 etiam
547 1908 745 1970 Erichthonios
768 1909 910 1969 adiectivo
927 1927 952 1968 v.
970 1906 1031 1968 336
1055 1907 1128 1968 3113
1144 1906 1308 1985 Propertio

158 2006 224 2079 116,
238 2006 258 2066 4
274 2002 435 2068 didicerat?
461 2006 585 2086 Ambigo
602 2007 689 2068 etiarn
707 2006 743 2068 de
759 2026 783 2067 v.
799 2005 871 2068 245.
893 2005 1036 2066 Facienda
1053 2005 1219 2067 coniectura
1238 2005 1308 2081 erit,

157 2104 245 2165 simul
256 2113 357 2164 tamen
369 2124 415 2166 res
428 2105 481 2166 alia
495 2107 647 2167 tractanda
660 2126 753 2185 eaque
765 2105 945 2184 gravissima.
964 2104 1085 2165 Initium
1098 2104 1186 2165 faciat
1195 2102 1307 2167 Culicis

157 2221 259 2264 versus
275 2202 345 2265 400.
380 2203 534 2264 Pastorem
548 2203 597 2265 hic
612 2204 736 2283 legimus
752 2203 901 2264 tumulum
914 2220 1005 2283 quem
1017 2204 1106 2263 modo
1122 2196 1307 2263 exstruxerit

157 2320 357 2363 conserere
382 2304 419 2380 (v.
442 2300 516 2377 398)
548 2301 670 2364 floribus
697 2301 852 2382 plurimis;
879 2301 1015 2381 sequitur
1037 2301 1144 2362 dorum
1167 2299 1305 2380 ipsorum

157 2401 305 2479 catalogus
327 2400 412 2480 isque
436 2400 621 2462 concluditur
650 2399 746 2461 verbis
772 2400 1003 2460 insolentissime
1031 2398 1149 2478 scriptis
1172 2419 1198 2460 v.
1222 2400 1304 2460 411:

156 2499 199 2560 his
222 2498 349 2560 tumulus
372 2517 458 2577 super
480 2502 619 2559 inseritur
635 2496 677 2578 11).
723 2497 797 2570 Quia
821 2505 920 2559 autem
944 2505 1087 2559 seruntur
1109 2497 1210 2571 florea,
1240 2516 1305 2561 non

157 2615 288 2658 crescere
311 2596 367 2657 dici
388 2597 408 2657 ii
431 2603 559 2677 possunt
573 2596 624 2657 sed
640 2599 703 2657 fore
719 2596 817 2676 potius
839 2595 888 2656 ubi
912 2604 1058 2669 crescant3
1081 2615 1172 2676 quare
1195 2614 1222 2656 v.
1239 2592 1303 2657 399

156 2715 223 2757 cum
247 2697 282 2756 ad
305 2705 430 2757 crescent
451 2695 571 2756 accedat
592 2695 669 2756 varia
692 2695 778 2756 lectio
802 2699 898 2757 crescit
920 2694 1062 2773 scriptum
1087 2702 1185 2756 tamen
1208 2694 1303 2759 fnisse

156 2813 220 2862 ,non
242 2801 339 2872 potest
361 2793 418 2853 nisi
441 2804 551 2856 crescet.
599 2793 659 2854 lam
682 2813 708 2853 v.
730 2793 792 2853 400
816 2793 851 2855 ad
880 2793 1038 2854 acanthum
1068 2802 1098 2854 et
1125 2811 1225 2854 rosam
1248 2792 1302 2855 ad-

156 2893 235 2952 ditur
267 2892 304 2952 111
325 2892 416 2952 oiolue
439 2910 520 2952 omne
550 2911 654 2971 penus,
690 2901 857 2972 sequuntur
879 2892 1002 2952 nomina
1025 2891 1091 2951 alia·
1134 2889 1207 2952 illud
1230 2904 1303 2954 ver'o

158 2989 228 3070 quid
252 2989 291 3049 sit
314 2998 498 3068 reputemus.
543 2990 653 3051 Totum
682 3009 776 3069 genus
805 2990 947 3051 violarum
976 2986 1180 3070 quotquot‘in
1213 2991 1304 3053 terris

157 3097 228 3149 sunt
250 3088 408 3164 significari
430 3087 555 3150 infacete
581 3097 723 3150 sumatur.
761 3088 921 3168 Reliquum
945 3097 989 3150 est
1012 3097 1044 3149 ut
1067 3087 1165 3150 omnia
1192 3106 1303 3167 genera

156 3187 248 3247 violae
277 3185 352 3246 dicta
375 3195 531 3264 putemus3
559 3187 610 3248 sed
640 3189 731 3249 multa
758 3187 823 3249 eius
853 3187 975 3248 omnino
1004 3205 1066 3247 non
1093 3192 1165 3248 sunt
1182 3205 1303 3267 genera,

155 3303 253 3365 neque
268 3283 345 3345 varia
359 3293 464 3364 poetae
480 3284 511 3346 hi
526 3284 707 3364 distinguere
723 3284 840 3346 violaria
857 3286 1021 3346 didicerant
1042 3285 1098 3345 nisi
1114 3286 1193 3365 quod
1211 3286 1303 3349 modo

155 3383 236 3462 nigra
249 3382 340 3460 magis
353 3381 441 3443 modo
451 3383 588 3462 pallentia
601 3383 781 3464 praedicant.
805 3382 925 3444 Accedit
940 3384 1019 3462 quod
1033 3383 1062 3443 in
1075 3390 1139 3444 toto
1151 3384 1208 3445 hoc
1220 3392 1302 3447 cata-

155 3481 221 3559 logo
234 3480 406 3542 observatur
417 3482 578 3544 herbarum
595 3482 765 3543 nominibus
779 3482 953 3543 adiectivum
971 3490 1021 3543 aut
1033 3481 1146 3543 nullum
1161 3481 1236 3544 adici
1249 3488 1303 3544 331

155 3578 213 3638 1313
236 3598 294 3658 quo
318 3587 423 3641 natura
447 3581 534 3642 unius
563 3581 708 3661 cuiusque
736 3590 804 3661 apte
834 3581 1011 3654 illustretur;
1040 3580 1141 3661 itaque
1173 3579 1245 3642 riola
1275 3579 1302 3643 si

156 3676 278 3737 omnino
302 3676 426 3738 dicenda
449 3678 539 3739 odora
567 3678 623 3739 suit
645 3679 691 3739 vel
717 3679 847 3741 humilis.
893 3677 1082 3758 Quapropter
1103 3679 1177 3739 haec
1199 3680 1302 3759 potius

155 3783 261 3856 poetae
283 3773 370 3836 verba
392 3776 485 3837 fuisse
508 3776 632 3838 debent:

784 3876 837 3937 Hic
859 3882 889 3935 et
911 3876 1054 3936 acanthus

255 3973 292 4032 Et
313 3991 380 4032 rosa
403 3989 587 4052 purpureum
612 3980 723 4035 crescet
746 3961 918 4053 pudibunda
940 3972 1081 4034 ruborem

253 4068 290 4130 Et
314 4069 387 4130 viola
406 4102 449 4113 -
471 4087 560 4130 omne
582 4069 689 4148 genus!
712 4107 753 4116 —
776 4071 823 4132 hie
845 4080 958 4133 crescet
981 4070 1113 4151 Spartica
1136 4079 1252 4152 myrtus

254 4171 351 4247 Atque
372 4166 548 4246 hyacinthus
572 4176 602 4229 et
624 4167 672 4229 hio
693 4168 773 4230 Cilici
795 4188 898 4231 crocus
921 4169 1019 4230 editus
1042 4164 1112 4230 arvo
1135 4189 1212 4250 eqs.;

155 4324 281 4385 quorum
320 4323 426 4367 sensus
457 4306 557 4368 fuerat
590 4308 746 4370 nimirum:
783 4310 943 4382 „florum
976 4309 1024 4370 hio
1057 4310 1156 4371 omnia
1189 4327 1299 4386 genera

155 4409 323 4478 crescent“‚
346 4404 525 4486 iniciturque
547 4424 629 4469 omae
650 4426 740 4487 pecus
762 4417 796 4469 ut
817 4407 973 4481 indicetur,
996 4425 1049 4469 our
1071 4416 1154 4468 tanta
1177 4417 1299 4488 tamque
