2924 5018
614 285 851 350 -180-

166 458 361 543 pro'aquatili
383 462 447 543 ipso
476 463 598 526 calvaria
625 460 772 523 habentur
800 460 836 523 ab
859 460 980 542 Apuleio
1002 460 1089 541 Apol.
1109 460 1158 524 34
1187 471 1327 545 suntque

166 581 198 624 ea
231 561 450 625 ostracoderma
483 580 557 643 quae
590 562 622 623 in
650 568 784 641 poemate
812 567 979 641 sequuntur
1005 578 1146 642 purpura
1177 561 1328 625 muriculi

164 679 269 723 murex
296 661 396 724 dulces
423 680 543 742 quoque
565 661 670 723 echini.
716 659 756 721 lta
784 659 894 722 scilicet
916 659 1003 721 etiam
1026 677 1083 741 pro
1108 660 1206 724 nucis
1230 671 1325 742 puta·

165 761 244 823 mine
267 761 344 822 calva
367 759 519 823 dicebatur
542 758 676 838 (Petroni
698 758 748 834 66,
771 759 813 836 l),
848 777 944 839 neque
977 776 1039 821 non
1073 765 1203 822 ostreae
1235 760 1324 823 fuere

164 878 239 941 quae
273 879 363 922 nuces
390 860 527 923 audirent
560 859 604 922 vel
632 854 781 941 βάλανοι.
825 858 886 920 lam
919 876 988 919 vero
1015 858 1094 938 apud
1120 858 1323 923 Athenaeum

165 959 343 1040 Galliamque
375 960 463 1022 scribi
496 959 594 1022 vidisti
627 957 725 1038 potius
755 948 894 1040 δχοιριιός
921 957 977 1034 (vel
1007 950 1165 1039 ἅχοιρνώς
1190 958 1322 1021 Behlreri

164 1060 217 1119 dn.
233 1078 261 1138 p.
277 1057 349 1132 474,
368 1059 410 1139 1);
434 1056 725 1138 Diphilosscribebat
741 1050 885 1139 διαρνδν
900 1055 1018 1134 (Athen.
1034 1074 1064 1135 p.
1078 1055 1147 1118 656
1159 1056 1218 1138 Β);
1243 1058 1319 1120 item

162 1157 299 1219 Hicesius
322 1162 361 1238 (p.
381 1157 499 1237 3271)).
543 1156 690 1219 Feminini
714 1175 801 1218 sexus
823 1153 990 1217 terminatio
1020 1155 1099 1236 apud
1125 1150 1317 1237 Hesychiur'u

163 1274 256 1319 unum
280 1257 420 1336 legimus:
455 1250 588 1337 ἄχοίρνα·
612 1243 701 1328 εἶδος
724 1249 855 1334 ῑχθύοςς
890 1254 938 1316 ubi
960 1253 1121 1335 quominus
1153 1247 1315 1339 oe’xoepuu'g

162 1357 286 1418 inferam
310 1365 340 1418 et
362 1357 523 1419 litterarum
552 1355 666 1417 ratione
694 1353 841 1435 impedior
863 1362 893 1415 et
914 1353 1040 1415 lectione
1061 1352 1197 1434 Hesyehi
1220 1354 1312 1418 altere

162 1451 296 1538 rixaque·
324 1448 422 1535 ἰχθύς
445 1450 550 1528 ποιός.
589 1454 720 1534 lienique
743 1453 821 1534 quod
837 1453 912 1532 apud
928 1452 1055 1513 eundem
1071 1461 1116 1515 est
1142 1447 1310 1537 ἄκάριιιξ·

161 1550 289 1638 λάβραξ
310 1554 407 1616 nescio
431 1573 503 1616 uum
525 1570 600 1615 sono
624 1553 699 1617 male
718 1551 892 1614 adsimulato
915 1559 1011 1612 ortum
1034 1549 1073 1612 sit
1087 1569 1124 1612 ex
1141 1545 1308 1636 διιαρνάν·

161 1647 296 1736 λάβραξ.
339 1656 435 1736 Atque
458 1672 531 1716 num
552 1652 610 1714 hoc
631 1635 687 1713 luit
709 1669 760 1713 our
783 1651 814 1713 iu
835 1651 963 1731 catalogo
985 1649 1076 1712 latino
1100 1657 1132 1711 et
1156 1650 1304 1715 labraxot

161 1754 249 1834 lupus
270 1743 612 1834 praetermitterenturi·

245 1852 366 1914 Gravius
394 1851 501 1933 opinor
529 1851 586 1912 hoc
612 1868 739 1930 quoque.
786 1848 876 1910 lldest
908 1847 1005 1910 batia
1031 1846 1142 1929 piscis;·
1172 1850 1303 1912 eundem

161 1949 272 2014 Plinius
295 1970 330 2013 ex
353 1950 566 2012 medicinarum
595 1948 763 2011 auctoribus
785 1947 911 2027 sumpsit
931 1946 1038 2009 xxxu
1054 1948 1104 2008 77.
1143 1946 1303 2012 Praeterea

159 2068 271 2110 nomen
293 2049 372 2110 istud
395 2067 456 2110 non
479 2048 536 2110 vidi
559 2046 616 2109 uisi
637 2048 702 2109 loco
724 2046 907 2127 Hesychiano
930 2047 1000 2108 boo:
1031 2043 1188 2127 βατίδες·
1213 2045 1304 2121 εἶδος

161 2143 279 2226 ἰχθύος
302 2143 423 2209 πλαιδ·
457 2142 476 2230 ἢ
504 2148 620 2227 docio·
655 2141 807 2230 διαφέρει
837 2143 875 2208 δὲ
900 2145 958 2208 τοῦ
980 2142 1082 2226 βάτου
1112 2143 1237 2224 ἰχθύος
1258 2136 1302 2219 (δς

155 2242 380 2329 Ἀριστοτέλης
403 2255 497 2308 ποιεῖ
519 2240 670 2328 φανερόν.
717 2246 817 2326 ltaque
839 2245 982 2307 editorem
1007 2242 1131 2323 Hesychi
1155 2244 1301 2308 maiorem

159 2366 227 2408 eum
251 2347 336 2408 laude
359 2364 425 2407 mea
448 2346 542 2408 lacere
564 2363 626 2406 non
648 2364 770 2426 possum
792 2345 864 2426 quin
887 2342 943 2405 hoo
964 2343 1000 2404 de
1022 2343 1087 2404 loco
1103 2342 1205 2423 egisse
1227 2344 1300 2406 leri·

159 2454 205 2507 ter
241 2447 337 2507 dicam
370 2444 458 2507 verba
494 2441 513 2528 ἢ
550 2431 657 2525 fluctui
687 2462 742 2523 pro
777 2444 887 2523 spuriis
921 2452 950 2504 et
982 2461 1018 2503 ex
1052 2439 1190 2522 βατίδες
1223 2444 1299 2506 uatis

157 2552 322 2606 notantem.
534 2542 536 2547 ’

242 2644 366 2705 Restant
388 2643 425 2704 de
447 2642 555 2725 quibus
578 2641 703 2722 Hesychi
729 2660 815 2722 opem
845 2642 956 2704 trustra
984 2650 1076 2722 petas.
1121 2641 1217 2704 Surus
1237 2642 1297 2724 pri·

159 2762 240 2805 mum
272 2743 367 2823 possit
387 2742 459 2804 falso
482 2743 625 2822 scriptum
651 2740 741 2802 videri
763 2759 817 2821 pro
838 2759 942 2822 sporm
962 2741 1005 2802 vel
1028 2741 1146 2821 siquid
1168 2742 1297 2804 similius

157 2840 337 2916 inveniatur,
368 2841 464 2921 possis
493 2841 581 2902 etiam
610 2839 645 2902 ab
668 2841 731 2902 eius
753 2840 888 2922 partibus
911 2848 989 2903 stare
1012 2839 1063 2923 qui
1083 2858 1190 2903 sorum
1214 2860 1298 2905 acce·

156 2939 233 3020 perit
262 2958 316 3019 pro
339 2957 443 3014 saur03
475 2939 554 3019 quod
577 2948 724 3022 quatenus
752 2940 932 3019 probabilius
954 2948 999 3002 est
1021 2958 1081 3003 non
1109 2940 1177 3001 sine
1199 2941 1296 3022 aliqua

156 3037 337 3118 neglegentia
359 3037 469 3116 graecis
493 3039 582 3100 latina
603 3038 769 3101 intermista
791 3038 936 3111 dicentur,
958 3038 1014 3120 ipsi
1037 3038 1117 3102 enim
1140 3038 1247 3103 lacerti
1267 3040 1297 3103 in

157 3138 287 3218 catalogo
309 3145 540 3200 antecesserunt.
578 3137 714 3210 Quocum
737 3138 899 3218 comparari
921 3156 984 3200 non
1005 3137 1297 3221 poteritmitulus

156 3237 265 3318 quippe
287 3255 302 3297 a
326 3255 384 3318 quo
407 3237 542 3300 divorsus
566 3255 642 3317 mys
678 3238 720 3298 vel
753 3237 935 3318 myiscus3
968 3237 1020 3299 sed
1053 3236 1209 3301 veneria
1242 3239 1296 3302 sub

156 3337 244 3398 tinem
260 3337 354 3417 posita
370 3336 425 3398 alia
441 3346 529 3418 atque
551 3337 625 3399 otia
647 3354 711 3397 esse
733 3336 780 3396 vix
794 3345 931 3415 poterant
946 3354 1021 3416 quae
1043 3336 1124 3416 ipsae
1145 3336 1296 3400 auriculae

155 3435 276 3497 Veneris
298 3444 370 3497 sunt
392 3435 441 3513 (cf.
458 3429 515 3508 οὖς
525 3430 723 3518 Ἀφροδίτης
737 3434 865 3516 Hesyohi
879 3443 909 3496 et
923 3434 1031 3497 Athen.
1046 3451 1076 3515 p.
1093 3433 1132 3496 87
1144 3434 1179 3496 F.
1194 3432 1239 3499 88
1250 3436 1295 3517 Α)

155 3532 228 3594 ltem
252 3542 281 3595 et
303 3552 444 3613 porcus
477 3534 508 3597 in
541 3534 636 3596 indice
658 3542 688 3596 et
713 3533 999 3614 orthagoriscus
1031 3532 1121 3614 positi
1147 3552 1219 3597 cunr
1242 3554 1295 3617 pro

156 3650 214 3691 uno
239 3650 288 3692 eos
311 3632 391 3713 pisce
415 3633 527 3695 Plinius
549 3633 612 3713 ipse
627 3632 772 3713 Apionem
795 3640 916 3695 secutus
938 3631 1104 3715 scripsisset
1117 3630 1229 3695 XXXll
1248 3632 1293 3696 19.

42 3789 48 3801 ,
155 3730 271 3791 tonora
315 3741 414 3792 autern
457 3732 560 3794 adesse
603 3732 635 3793 iu
671 3731 801 3812 catalogo
844 3730 1017 3793 diminutiva
1053 3732 1139 3793 rerba
1177 3742 1296 3813 praeter

156 3823 238 3890 ὤιια
270 3827 358 3889 etiam
391 3831 475 3908 plura
503 3829 598 3909 qualia
620 3829 729 3909 volgari
753 3830 876 3893 dialecto
899 3849 1020 3911 graecae
1043 3830 1172 3893 maximo
1192 3833 1295 3913 place-

155 3926 236 3999 bant,
270 3927 349 3988 velut
376 3927 599 4008 coniunguntur
630 3929 806 4007 pectines
834 3931 1051 4010 pectunculi
1083 3929 1225 4010 (κτένιον
1254 3932 1295 3995 itu

155 4043 309 4088 occurrere
331 4043 392 4088 non
416 4026 487 4102 vidi,
521 4026 681 4107 Hesychius
704 4027 739 4089 ad
762 4029 857 4102 κτείς·
891 4030 1018 4093 κτένιοο
1045 4047 1105 4091 non
1132 4029 1214 4092 addit
1238 4031 1296 4095 hoc

154 4144 219 4186 esse
235 4125 377 4205 aquatile3
399 4125 451 4187 sed
468 4125 504 4187 ci.
521 4124 682 4203 σπόγγος·
706 4127 881 4207 σπογγίον)
903 4128 1081 4212 poniturque
1096 4128 1294 4210 ophidion,

155 4224 276 4303 ponitur
297 4232 415 4304 praeter
430 4226 589 4286 draconem
612 4225 877 4298 dracunculus,
901 4246 968 4290 cum
985 4223 1179 4312 δρακόντιον
1201 4228 1295 4305 piscis

155 4321 272 4398 ignotus
305 4332 421 4401 practer
450 4323 656 4403 hippocratem
680 4324 718 4385 sit
739 4324 764 4384 ll
786 4344 815 4405 p.
832 4324 893 4386 466
906 4326 957 4403 Κ.;
989 4337 1019 4389 et
1049 4326 1073 4388 is
1101 4326 1222 4408 quidem
1246 4328 1295 4393 hie

155 4437 273 4500 quoque
306 4422 383 4484 siout
414 4423 445 4484 in
473 4422 569 4484 indice
592 4422 667 4485 Plini
697 4443 763 4486 cum
788 4425 944 4504 scorpione
977 4426 1057 4506 pisce
1088 4429 1293 4509 componitur.
