2924 5018
609 233 852 296 -199-

163 410 421 489 interpolationem
444 409 543 490 potius
565 409 788 490 deprehendere
818 428 871 489 ego
900 420 929 472 et
954 409 1184 473 vetustissimam
1207 418 1236 471 ct
1260 410 1303 472 ri-

162 509 301 570 lissimam
319 509 426 570 videor.
465 509 537 570 Nam
554 510 598 570 rel
620 508 691 570 illud
708 520 828 590 aptaque
841 513 927 572 remis
948 509 1128 570 inertissime
1143 510 1304 571 addidisset

94 680 96 686 s
162 607 289 688 scriptor
311 607 345 668 ad
369 607 553 669 nominatam
576 606 713 688 paludem
738 607 841 688 ipsam.
886 607 989 689 Neque
1013 607 1120 670 sterilis
1144 609 1222 680 diu,
1251 608 1302 671 sed

163 722 312 786 semper
335 708 418 787 palus
442 707 506 786 ipsa
530 708 653 769 dicenda
676 692 756 781 luit,
780 715 833 769 nec
856 708 938 770 iacile
959 708 1069 770 sentire
1092 717 1223 770 aratrum
1246 708 1303 770 dici

162 807 245 886 palus
269 794 330 886 ipsa
352 814 476 886 poterat.
520 808 613 886 igitar
634 815 703 869 ante
727 805 863 869 Serrium
887 826 943 889 qua
967 816 1062 870 aetate
1086 807 1153 869 vitia
1176 809 1303 888 plurima

161 907 192 966 in
216 906 337 967 Horatio
359 906 480 968 suborta
504 917 576 969 sunt
602 906 800 988 interpolator
820 908 957 988 paludem
982 908 1171 989 Pomptinam
1196 907 1302 970 clarius

161 1005 345 1067 indicandam
369 1006 453 1067 duxit
474 1024 541 1068 cnm
564 1005 626 1069 fere
649 1007 694 1069 his
717 1006 822 1069 similia
845 1006 1022 1087 invenisset:

362 1155 506 1216 sterilisve
529 1156 577 1217 diu
601 1156 702 1236 glaeba
724 1164 850 1236 aptaque
872 1156 964 1218 remis

262 1254 376 1317 Vicinus
400 1254 481 1316 urbis
504 1255 555 1316 alit
577 1265 607 1317 et
629 1274 717 1334 grave
740 1255 831 1316 sentit
852 1261 993 1317 aratrum.

161 1403 261 1481 ipsum
284 1420 354 1464 vero
376 1406 450 1484 repis
472 1420 541 1484 opus
562 1410 595 1464 ut
617 1403 654 1464 de
677 1402 744 1464 divo
766 1402 840 1464 lulio
864 1402 978 1465 dictum
1002 1403 1051 1478 sit,
1081 1410 1181 1465 mman
1203 1402 1302 1465 induci

161 1520 196 1561 eo
219 1501 352 1581 potuisse
375 1502 464 1563 etiam
480 1503 646 1581 Augustum
669 1516 732 1562 non
755 1502 940 1582 negaverim3
963 1516 1091 1583 namque
1107 1500 1233 1582 Augusti
1254 1502 1303 1563 illa

161 1601 198 1660 de
221 1600 341 1662 Horatio
363 1600 399 1662 ad
423 1600 636 1662 Maecenatem:
672 1597 767 1662 Veniet
794 1618 861 1680 erqo
890 1600 926 1663 ab
955 1604 1010 1662 ista
1028 1606 1185 1685 parasitica
1205 1618 1304 1664 measa

161 1702 200 1761 ad
231 1699 304 1762 iaec
337 1703 443 1780 repient
477 1699 567 1780 (apud
591 1700 767 1761 Suetonium
791 1700 926 1780 usurp.
950 1701 1004 1777 45)
1037 1718 1141 1782 param
1175 1701 1305 1782 respexit

160 1798 362 1861 hlommschus
385 1799 416 1859 in
441 1798 542 1860 licem.
559 1798 742 1860 Staatsrecht
756 1798 795 1860 pp
811 1817 840 1878 p.
857 1798 927 1859 741.

245 1899 456 1960 Gravissimum
490 1906 588 1960 autem
622 1898 692 1959 illud
727 1914 845 1978 quoque
879 1916 944 1959 asse
978 1899 1125 1960 existumo
1154 1899 1233 1979 quod
1267 1899 1303 1959 de

161 1999 282 2060 Terenti
320 1998 421 2060 Scauri
455 1996 678 2060 commentariis
711 2004 836 2059 constat.
892 1997 995 2077 Neque
1028 1995 1107 2058 enim
1141 1997 1304 2077 speciosior

159 2112 248 2178 quam
272 2097 366 2159 verior
382 2096 610 2176 Zangemeisteri
632 2097 681 2157 illa
704 2095 873 2158 coniectura
895 2108 942 2156 est
957 2095 1011 2172 (lle
1025 2092 1097 2156 lior.
1115 2112 1175 2156 voc.
1194 2095 1301 2176 singul.

158 2217 186 2278 p.
196 2198 236 2258 40
246 2198 323 2277 sqq.)
340 2212 398 2276 qua
415 2193 594 2257 admirabilis
606 2195 726 2274 quidam
740 2194 852 2255 Charisi
869 2195 1043 2273 explanatur
1058 2195 1140 2256 locus
1155 2212 1182 2274 p.
1194 2193 1301 2255 aaut:

158 2297 328 2376 „impariter
336 2301 355 2328 “
376 2293 515 2356 Horatios
536 2293 729 2373 epistolarum,
751 2292 899 2364 „uerebar
920 2295 1070 2374 impariter
1091 2296 1231 2366 iunctis“,
1255 2292 1305 2356 abi

161 2394 195 2466 Q.
222 2392 367 2456 Terentiae
388 2392 516 2455 Seuerus
548 2395 579 2453 ie
601 2395 810 2454 commentariis
841 2395 873 2454 ira
906 2401 996 2453 artem
1017 2395 1156 2472 poetieam
1178 2392 1302 2454 iibroX

158 2494 365 2569 „aeautmar‘
387 2495 478 2572 iuquit
497 2490 688 2573 ,‚siqaraait“;
723 2508 792 2553 nam
828 2491 853 2552 si
881 2490 984 2553 Scauri
1017 2491 1300 2553 commentariorum

159 2593 387 2655 Horatianorum
412 2592 486 2653 duos
508 2591 599 2654 libros
622 2591 657 2653 ad
681 2578 834 2653 sermones
858 2589 1039 2670 pertinuisse
1062 2591 1111 2668 (ci.
1136 2590 1245 2671 Porph.
1272 2599 1301 2653 et

158 2694 323 2754 Commeat.
342 2691 463 2772 Eruquii
478 2690 514 2752 ad
531 2691 590 2752 Sat.
606 2691 677 2762 115,
694 2689 747 2764 92)
764 2689 913 2765 statuitur,
935 2690 1115 2768 singularem
1132 2691 1167 2751 ad
1183 2691 1301 2770 epodon

158 2791 278 2862 librum,
311 2799 454 2871 quattuor
488 2791 522 2851 ad
550 2789 690 2861 carmina,
709 2789 800 2850 'duos
823 2789 858 2852 ad
883 2789 1032 2869 epistulas,
1066 2790 1125 2851 iam
1148 2789 1183 2850 ad
1208 2798 1300 2851 artem

159 2891 305 2971 poeticam
329 2892 381 2971 qtti
397 2888 525 2969 scriptus
541 2889 597 2951 luit
612 2897 643 2951 et
659 2888 790 2950 decimus
805 2887 861 2949 luit
876 2896 906 2949 et
921 2888 1053 2950 ultimus.
1085 2889 1184 2969 ltaque
1199 2906 1236 2948 ex
1259 2887 1300 2949 eis

157 2989 276 3070 qoacad
285 2976 340 3051 nos
349 2984 570 3051 descenderunt
580 2987 681 3051 Horati
690 2986 907 3068 exemplaribus
919 2988 950 3048 iu
959 2988 1066 3068 quibas
1074 2988 1110 3050 ab
1119 2988 1223 3050 ultimo
1235 2988 1300 3050 loco

157 3090 212 3150 Ars
224 3095 337 3150 remota
350 3098 395 3149 est
418 3087 454 3148 de
468 3087 528 3167 ipsa
542 3086 656 3167 origine
668 3086 745 3149 Artis
765 3097 794 3148 et
806 3087 937 3148 editione
948 3087 1007 3148 iam
1019 3089 1106 3167 plane
1120 3087 1192 3148 nibil
1205 3086 1300 3168 colligi

157 3189 232 3249 licet.
278 3187 389 3260 Quodsi
414 3206 446 3249 ea
470 3186 574 3249 ultimo
597 3187 660 3248 loco
683 3195 818 3268 tempore
840 3187 981 3248 Hadriani
1003 3185 1179 3260 habebatur,
1203 3188 1300 3267 specie

157 3289 181 3350 si
195 3287 294 3348 minus
309 3285 426 3359 illustri,
443 3295 473 3363 at
485 3284 629 3347 sublustri
641 3288 744 3348 saltam
761 3307 795 3348 eo
811 3286 957 3347 trahimur
967 3294 1002 3347 ut
1015 3285 1102 3347 etiam
1116 3285 1222 3347 editam
1236 3305 1298 3348 eam

158 3389 220 3448 loco
244 3386 346 3449 ultimo
369 3393 518 3467 putemus.
554 3385 705 3447 Praeterea
722 3385 778 3446 hoc
805 3386 936 3447 adverte:
961 3384 1109 3446 Charisius
1132 3385 1211 3446 enim
1238 3403 1300 3446 non

156 3486 262 3547 refert:
293 3485 432 3547 Horatios
453 3485 529 3548 Artis
555 3489 690 3564 poeticae,
718 3484 768 3546 sed
797 3483 933 3547 Horatius
955 3485 1168 3564 Epistularum
1202 3485 1299 3565 itaque

156 3586 243 3646 etiam
273 3586 360 3645 talem
384 3584 484 3646 Horati
512 3584 673 3646 editionem
699 3602 823 3664 eamque
845 3591 912 3663 post
935 3583 1090 3658 Scaurum,
1117 3592 1149 3645 ut
1173 3583 1298 3660 videtur,

158 3683 305 3746 exstitisse
329 3683 405 3744 clare
421 3682 576 3763 cognoscis
594 3683 625 3743 in
648 3701 705 3764 qua
729 3701 795 3744 cum
818 3683 881 3763 ipsa
897 3682 973 3745 Artis
987 3683 1141 3764 inscriptio
1163 3692 1214 3746 aut
1237 3704 1298 3746 nou

156 3786 305 3863 legeretur
331 3791 381 3843 aut
404 3800 466 3843 non
489 3782 686 3863 respiceretur
708 3799 769 3844 non
793 3784 868 3844 duos
890 3783 980 3844 libros
1003 3783 1162 3864 antiquitas
1186 3784 1298 3845 terebat

157 3883 355 3963 Epistularum
369 3881 481 3960 ilorati,
495 3882 545 3942 scd
558 3869 641 3943 tres(
658 3882 806 3943 Charisius
820 3891 918 3944 autem
930 3883 1074 3944 lectiones
1086 3883 1159 3944 duas
1171 3883 1298 3944 diversas

156 3981 324 4054 conlundi,
357 3980 389 4041 in
421 3981 511 4042 altera
539 3985 688 4060 impariter
715 3981 888 4042 adverbium
919 3981 1064 4044 citabatur
1095 4000 1129 4041 ex
1156 3981 1297 4062 Epistulis

157 4082 225 4154 thoe
248 4087 294 4140 est
316 4098 350 4139 ex
366 4077 566 4159 Epistularum
590 4081 707 4154 tertiolt
731 4080 852 4141 alteram
869 4099 937 4141 vero
961 4100 1028 4142 cum
1051 4100 1085 4141 ex
1110 4080 1219 4142 Scauro
1235 4080 1298 4141 adi-

156 4188 235 4242 ceret
257 4177 308 4239 ubi
325 4178 549 4258 inscriptionem
565 4179 643 4240 Artis
658 4179 694 4240 ab
717 4179 763 4240 illa
780 4179 981 4259 Epistularum
1005 4180 1149 4242 diversam
1172 4180 1296 4255 videbat,

156 4280 214 4340 iam
230 4278 396 4339 necessario
419 4278 540 4358 plenum
557 4279 726 4340 Terentiani
749 4279 847 4358 operis
868 4279 989 4341 titulum
1013 4279 1179 4360 adponebat
1200 4278 1295 4342 hunc:

157 4377 282 4439 Scauros
298 4381 329 4440 ira
345 4381 553 4440 commentariis
574 4382 604 4440 ira
627 4388 717 4440 arcera
727 4381 865 4459 poeticam
881 4379 953 4440 libro
971 4377 1006 4440 X.
1044 4378 1144 4460 Neque
1161 4380 1205 4442 vel
1224 4378 1296 4442 illud
