2924 5018
612 267 858 331 -169—

164 442 256 520 Vulgo
288 443 391 521 legunt
424 440 459 504 ἓν
491 439 680 517 Maedicam,
715 462 771 506 nos
799 462 862 504 rem
890 445 928 504 ita
951 443 1175 505 adornabimus:
1209 459 1308 524 σκορ-

164 536 245 623 detq
275 538 430 623 πηλαμύς
460 538 557 622 (ἐστι)
586 541 702 626 μικροὶ,
734 538 780 626 (ἢ)
810 538 941 626 νήχεται
971 540 1008 604 ἐκ
1035 539 1218 622 praedandae
1247 541 1307 621 (aie

163 635 220 700 adr
252 634 402 719 Πόντον).
447 641 490 703 lta
523 642 603 704 enim
630 643 720 706 ctiam
740 643 869 723 reliquas
892 643 949 704 hoa
974 642 1006 704 iu
1028 642 1123 723 capite
1145 641 1308 704 sententias

163 737 361 800 conformavit
381 739 573 802 Xenocrates.

162 849 257 911 colia
280 851 341 912 sive
357 852 503 915 Parianus
525 853 587 915 sive
606 852 719 915 Sexita-
749 872 811 935 cap.
825 856 881 917 34:
898 851 1037 918 κολίαι
1049 849 1205 935 εὔστομοι
1217 873 1309 935 κινη-

163 966 221 1010 nus
249 967 265 1008 a
288 950 410 1030 patria
432 951 596 1027 Baetica,
626 952 721 1013 lacer·
749 951 836 1015 τικοὶ
862 949 1004 1027 κοιλίας·
1032 949 1245 1036 κράτιστοι
1272 948 1307 1014 d’

162 1057 263 1110 torum
287 1049 429 1113 minimae
451 1049 504 1129 (ita
528 1050 593 1112 cod.
610 1050 643 1110 B.
666 1055 719 1112 κα·-
750 1053 788 1121 οἱ
809 1051 1012 1141 Ἰβερικοί.

161 1150 238 1209 aima·
260 1148 352 1224 rell.);
385 1149 421 1210 ab
454 1149 501 1211 lris
530 1147 722 1211 *mouereses

162 1246 215 1323 lita
238 1247 301 1309 cod.
319 1246 359 1324 83
380 1252 472 1311 monti
492 1267 549 1311 aare
571 1249 657 1324 rell).

161 1373 270 1437 Graeca
307 1375 434 1454 plurima
471 1375 528 1436 hoc
564 1375 629 1437 loco
666 1382 717 1436 aut
749 1373 786 1435 ab
818 1370 984 1433 Xenocrate
1016 1369 1081 1449 ipso
1115 1368 1223 1430 omissa
1256 1375 1308 1428 aut

160 1472 262 1553 potius
284 1473 391 1536 amissa
413 1483 491 1536 sunt.
536 1474 680 1536 Parianus
713 1473 800 1534 colias
834 1480 923 1532 notus
957 1490 992 1531 ex
1014 1469 1088 1531 lalso
1112 1466 1238 1529 Hesiodo
1262 1474 1305 1527 est

161 1570 240 1652 apud
263 1572 369 1634 llthen.
392 1591 419 1653 p.
441 1572 500 1634 116
513 1573 542 1634 C.
588 1571 767 1634 Scombrum
794 1579 893 1633 autem
916 1570 1074 1632 Parianum
1098 1586 1165 1630 cum
1189 1566 1307 1628 noverit

161 1668 344 1732 Xenocrates
357 1690 420 1751 cap.
432 1672 482 1743 34,
498 1671 586 1732 etiam
602 1671 707 1734 collam
720 1671 880 1733 Pariaaum
890 1689 958 1733 eum
970 1671 1088 1731 novisse
1100 1667 1216 1735 credes;
1239 1682 1305 1726 cre-

161 1768 213 1829 des
229 1768 315 1830 etiam
331 1769 445 1850 reliqua
465 1769 571 1832 amissa
594 1771 672 1852 apud
694 1790 763 1833 eum
787 1789 851 1832 esse
874 1768 1067 1850 sequentibus
1090 1784 1179 1847 quam
1203 1783 1306 1826 manaa

159 1866 220 1929 sint
242 1867 405 1949 perpensis.
443 1869 485 1931 lld
501 1870 627 1931 lacertos
650 1869 755 1930 coliam
770 1866 918 1949 pertinere
941 1866 1088 1946 simulque
1110 1861 1305 1926 clarissimum

160 1983 265 2028 eorum
288 1965 461 2030 Sexitanum
494 1988 559 2029 esse
580 1963 720 2029 Martialis
743 1967 830 2029 docet
852 1964 903 2027 vn
926 1963 976 2037 78,
1002 1966 1035 2026 1:
1072 1963 1144 2026 Cam
1166 1962 1309 2025 Saaataai

156 2075 288 2146 ponatur
303 2066 396 2129 cauda
411 2067 512 2130 lacerti
519 2089 526 2142 ς
549 2067 585 2128 cl.
602 2066 751 2146 lliplrilum
768 2065 846 2146 apud
859 2063 965 2127 Athen.
978 2083 1005 2144 p.
1023 2061 1079 2125 121
1090 2064 1128 2123 A:
1145 2063 1307 2141 κρείσσων

160 2160 199 2226 δὲ
214 2156 232 2229 d
248 2160 435 2246 ἆμυκλανὸς
450 2163 505 2227 καὶ
522 2160 677 2238 ἳσπανός,
705 2159 722 2226 ὁ
747 2160 924 2237 σαξιιανὸς
946 2157 1132 2244 λεγόμενος.
1161 2160 1220 2222 Pro
1236 2160 1308 2222 colea

160 2272 259 2327 autem
283 2265 361 2344 apud
377 2262 506 2326 Plinium
522 2281 585 2325 nou
601 2261 690 2325 colias
704 2262 894 2324 scribendum
910 2262 963 2323 sed
978 2260 1081 2333 collam
1103 2259 1172 2321 inde
1195 2259 1305 2339 pendet

160 2367 289 2438 minanam
314 2363 445 2424 indidem
469 2363 500 2424 in
523 2363 587 2424 cod.
610 2360 820 2440 Bambergensi
843 2361 1072 2423 adsimulatione
1095 2368 1194 2420 ortam
1217 2362 1306 2419 miae·-

160 2481 232 2524 mae.
287 2461 421 2542 Denique
456 2462 582 2522 multum
616 2479 670 2540 ego
702 2460 770 2522 trivi
803 2469 923 2542 tempus
957 2455 1115 2529 divinando
1149 2457 1205 2520 sub
1238 2475 1306 2520 cor-

159 2560 334 2642 ruptissimo
358 2561 408 2623 illo
432 2576 590 2622 moacreaaa
612 2558 682 2640 quid
706 2559 799 2621 latere
821 2561 866 2621 rel
888 2559 982 2640 possit
1004 2559 1049 2620 rel
1073 2557 1192 2631 debeat;
1226 2575 1306 2618 nuuc

160 2673 222 2721 uno
245 2657 335 2720 verbo
357 2658 556 2721 adscribatur:
580 2656 615 2718 ai
637 2652 680 2720 dis
701 2656 900 2721 omotariclaua.
985 2739 986 2743 Ἰ
1265 2650 1269 2656 ’

161 2785 369 2846 tritomum:
392 2785 580 2866 pelamydum
603 2783 718 2862 generis
746 2804 808 2865 cap.
826 2783 881 2848 34:
912 2787 1123 2869 Τρίτομον
1151 2782 1207 2854 (vel
1233 2802 1304 2865 apa-

161 2882 259 2962 magni
296 2903 337 2947 ex
372 2903 444 2964 quo
475 2892 582 2945 terna
615 2885 718 2966 cybia
746 2879 1304 2966 acia)adplaovddupdapaomaa·

158 2985 238 3075 iiuln
248 2995 267 3047 t.
747 2981 904 3067 ρεώιερον
919 2981 977 3045 τοῦ
996 2983 1123 3062 κοβλοο,
1150 2974 1254 3043 τᾶλλα
1268 2974 1303 3041 d’

553 3089 556 3093 ’
746 3081 897 3166 ἐμφερές·
1077 3088 1081 3095 ’
1191 3167 1193 3171 .

159 3213 192 3274 ln
215 3209 323 3292 quibas
352 3210 452 3273 minas
482 3211 649 3275 eiciendum
681 3211 808 3294 κύβιον,
842 3228 930 3291 quam
964 3208 1080 3290 plenius
1113 3207 1304 3271 scribendum

159 3311 291 3373 videtur:
314 3311 470 3392 τρλιομον
488 3311 618 3392 τριττὸν
633 3308 764 3394 adduam
786 3319 916 3374 ceterum
939 3308 979 3370 ita
996 3308 1075 3369 velut
1088 3306 1145 3369 sub
1169 3297 1304 3387 apolecto

158 3417 309 3471 contracta
333 3427 434 3488 graeca
458 3410 606 3490 leguntur.

243 3508 340 3588 Atque
362 3508 408 3568 his
429 3509 676 3573 similitudinibus
699 3507 828 3572 collectis
850 3507 1011 3588 neglegens
1033 3506 1148 3569 dicerer
1169 3505 1228 3567 nisi
1250 3505 1302 3567 ad-

158 3608 259 3669 derem
275 3607 398 3670 coluthia
412 3611 470 3669 siaa
485 3610 620 3689 coryphia
635 3628 710 3689 quae
725 3609 827 3670 eadem
844 3626 880 3669 ex
895 3607 1039 3686 scriptore
1060 3605 1164 3668 itidem
1188 3607 1304 3669 medico

157 3715 364 3768 memorantur
386 3726 401 3767 a
424 3706 517 3768 Plinio
539 3707 646 3770 llllllll
670 3709 710 3770 84
733 3709 821 3770 etiam
854 3707 933 3787 apud
956 3705 1154 3768 Xenocratem
1188 3715 1303 3769 exstare

157 3823 220 3884 cap.
237 3804 293 3865 22:
316 3799 359 3866 τοὶ
379 3801 417 3866 δὲ
436 3801 577 3868 κολύκια
593 3807 650 3883 (vel
665 3803 833 3884 κολούλια)
857 3799 1043 3889 ἢικορύχια
1065 3805 1124 3885 (vel
1146 3799 1303 3888 κορύφια)

157 3923 214 3984 qua
242 3904 279 3964 de
306 3903 433 3966 lectione
461 3906 554 3967 multa
578 3906 687 3969 frustra
713 3905 814 3968 Corais
841 3906 972 3986 disputat
997 3925 1027 3985 p.
1045 3906 1104 3967 130
1117 3923 1198 3985 αισα
1232 3920 1303 3965 nam

156 4002 275 4066 lectioni
286 4002 439 4064 Plinianae
453 4003 590 4066 indubiae
605 4012 665 4066 tam
682 4005 786 4066 similis
798 4004 979 4066 Xenocraten
997 4012 1051 4074 est,
1066 4013 1100 4065 ut
1116 4004 1218 4066 eadent
1234 4022 1302 4065 mu·

156 4102 253 4163 riuum
266 4118 383 4180 genera
406 4102 559 4180 intellegas
580 4119 703 4164 necesse
725 4104 771 4164 sit
816 4103 889 4164 ltem
912 4104 950 4165 ad
973 4103 1048 4165 Plini
1071 4101 1195 4163 aaronis:
1218 4120 1302 4182 paam

157 4199 211 4262 alii
230 4201 352 4280 miplaiaa
374 4211 477 4262 vacuat
498 4201 676 4263 cl'Xenocr.
694 4221 757 4282 cap.
774 4200 809 4264 8:
832 4200 954 4284 θρανλς
980 4198 1001 4285 ἢ
1027 4199 1141 4283 ξιφίας
1156 4196 1303 4283 apameiae

156 4297 245 4375 ἐσιί;
278 4299 318 4360 ita
352 4299 429 4362 otia
452 4298 530 4380 apud
554 4299 749 4363 Xenocratem
771 4308 844 4363 sunt
866 4320 929 4381 cap.
946 4299 986 4362 28
1008 4308 1039 4360 et
1061 4299 1111 4362 32.
1156 4299 1248 4362 Porro
1271 4302 1301 4362 in

157 4399 289 4478 catalogo
310 4397 462 4461 rarissima
481 4399 556 4461 haec
570 4407 750 4463 cernantur:
770 4401 939 4478 ceramium
949 4399 1028 4464 solea
1044 4396 1085 4484 [α’
1096 4400 1176 4479 male
1189 4399 1253 4462 aod.
1268 4400 1301 4480 B]
