2924 5018
590 285 814 350 ...13-

130 465 232 545 ltaque
248 462 388 526 Heinsius
411 463 473 542 ipse
496 480 597 523 verum
622 463 716 524 sensit
737 481 805 524 cum
828 462 971 524 scriberet
986 463 1022 524 ad
1038 464 1135 525 locum
1157 462 1277 537 „nescio

129 582 166 624 an
201 562 271 624 satis
294 562 412 622 latine“.
457 562 569 640 Tamen
598 570 771 641 corruptum
802 579 863 622 non
891 581 957 623 esse
989 563 1085 623 locum
1120 562 1278 623 concludas

130 661 171 722 sis
194 661 236 724 vel
261 679 297 721 ex
317 660 518 721 infelicissima
540 660 772 739 ingeniosissimi
796 661 850 721 viri
879 661 1056 722 mutatione:
1087 661 1162 722 dedit
1183 678 1278 731 ormo,

128 761 191 840 fere
224 777 320 820 omnes
349 758 557 839 admonetque
585 764 639 820 sui.
690 758 792 838 Neque
827 759 905 820 enim
938 759 970 820 in
996 777 1029 820 re
1062 759 1120 820 ulla
1157 759 1278 819 offensa.

131 860 208 921 Sunt
229 876 302 920 sane
336 876 440 919 omnes
474 857 582 937 quibus
616 876 696 918 arma
731 858 854 930 dentur,
887 857 986 918 alteris
1019 858 1124 919 dentes
1158 874 1278 928 cornua,

132 956 230 1018 alteris
252 955 319 1033 luga
342 954 383 1034 (v.
406 956 426 1014 4
449 965 480 1016 et
502 955 533 1030 6)
557 955 602 1016 vel
624 956 746 1031 astutia3
778 963 808 1016 et
830 954 948 1034 quidem
972 956 1051 1017 idem
1086 973 1280 1035 expressurus

132 1062 219 1134 poeta
255 1062 319 1115 erat
352 1053 382 1114 in
415 1073 441 1113 v.
466 1054 506 1113 52
530 1061 679 1133 corrupto,
703 1054 752 1114 ubi
782 1062 940 1133 postquam
974 1054 1078 1116 timida
1111 1054 1280 1133 ferociaque

132 1152 266 1213 distinxit
288 1152 427 1213 animalia
451 1159 538 1231 (quae
561 1152 711 1213 distinctio
733 1152 764 1212 in
793 1153 988 1231 sequentibus
1022 1170 1141 1233 qnoque
1176 1152 1280 1213 obser-

131 1258 228 1312 vatur:
253 1251 341 1311 altera
365 1269 433 1330 pars
456 1270 500 1311 vr.
524 1249 651 1311 53—62
674 1249 803 1321 obtinet,
837 1253 928 1313 altera
951 1271 995 1313 vv.
1020 1250 1175 1327 63-74),
1210 1251 1281 1311 baec

132 1348 281 1411 sententia
303 1349 480 1411 inmittitur:

232 1485 299 1565 lpsa
321 1485 403 1566 sequi
426 1493 532 1547 natura
555 1494 656 1547 monet
678 1488 722 1548 vel
745 1488 913 1549 cornminus
935 1488 989 1548 ire.

133 1637 196 1700 Nisi
222 1638 360 1700 sollemni
393 1637 518 1700 stultitia
549 1639 718 1700 stultiorem
751 1640 799 1700 bic
832 1640 1007 1718 scriptorem
1040 1639 1135 1700 luisse
1168 1639 1280 1712 credas,

134 1737 232 1815 legere
255 1757 271 1798 e
294 1736 440 1798 contrario
456 1736 651 1798 debebamus:
668 1737 731 1816 ipsa
747 1739 886 1816 aufugere
902 1745 1006 1799 natura
1023 1746 1134 1798 monet.
1179 1737 1282 1815 ltaque

134 1837 214 1914 quoti
244 1852 298 1913 pro
332 1837 414 1913 sequi
444 1844 626 1914 posuerunt3
661 1835 740 1914 quod
769 1835 801 1895 in
822 1835 926 1896 Ouidio
950 1854 1003 1914 ego
1026 1853 1087 1896 non
1110 1835 1281 1907 tolerarem:

133 1933 297 1997 sedetiam
334 1951 415 1994 nunc
451 1950 513 1994 non
547 1933 639 1994 tolero
662 1967 704 1976 -
727 1935 808 2012 quati
841 1933 973 1996 iubeat
1006 1933 1132 1994 fortasse
1165 1941 1281 2005 natura,

134 2031 215 2110 quati
249 2049 405 2092 monere
435 2048 497 2092 non
519 2038 627 2110 potest.
674 2031 823 2103 Quoniam
846 2050 914 2093 vero
938 2033 963 2092 si
984 2051 1040 2092 vox
1073 2036 1135 2111 ipsu
1168 2032 1282 2093 deesset

134 2129 208 2191 nibil
230 2130 361 2203 deesset,
392 2137 420 2190 et
441 2129 518 2190 banc
538 2129 638 2208 potius
662 2129 763 2190 falsam
788 2148 851 2192 esse
874 2130 1002 2192 arbitror
1024 2138 1054 2190 et
1077 2130 1198 2190 subesse
1221 2149 1281 2208 quo

133 2226 283 2307 aptissime
304 2226 476 2304 aufugiendi
498 2227 580 2288 notio
602 2228 784 2307 exprimatur
806 2238 867 2289 tcto
889 2232 969 2308 sequi
988 2228 1033 2289 vel
1055 2228 1155 2307 potins
1170 2229 1281 2307 aliquid

134 2325 298 2387 consimile.
344 2325 447 2404 Neque
470 2325 550 2386 enim
572 2326 636 2387 sine
659 2327 756 2406 specie
779 2327 949 2388 conaberis:

235 2451 348 2531 Septa
372 2451 480 2531 sequi
501 2459 606 2513 natura
629 2460 734 2514 monet
754 2453 799 2513 vel
822 2452 990 2514 comminus
1012 2453 1065 2527 ire,

136 2595 225 2656 modo
248 2612 285 2655 ne
307 2602 406 2675 saepta
429 2595 491 2657 loca
515 2614 568 2674 pro
592 2570 715 2657 stabulis
737 2597 868 2677 accipere
891 2595 961 2655 velis
995 2594 1047 2655 sed
1081 2613 1134 2673 pro
1168 2591 1282 2670 refugio

137 2693 251 2773 quovis
274 2700 379 2754 natura
403 2695 482 2773 quod
506 2694 588 2754 aditu
612 2703 717 2755 careat.

220 2810 281 2871 lam
321 2809 390 2871 dore
422 2828 474 2888 per
508 2827 602 2873 omues
635 2827 697 2871 non
719 2810 812 2888 magis
835 2810 971 2888 puditum
994 2827 1081 2889 qnam
1107 2806 1283 2886 impotentis

137 2918 208 2971 esto.
254 2908 341 2978 Peius
365 2908 454 2979 etiam
476 2910 616 2988 pergitur.
660 2908 735 2969 Nam
764 2910 791 2969 si
823 2908 889 2988 quis
923 2927 1012 2987 quem
1045 2908 1090 2967 sui
1125 2906 1284 2984 neglegen-

137 3008 244 3069 tiorem
268 3007 326 3067 sui
349 3007 504 3078 admonet,
533 3008 590 3069 hoc
612 3007 731 3086 quidem
753 3024 843 3068 nemo
866 3025 927 3067 non
949 3006 1111 3084 intelleget.
1155 3006 1193 3067 At
1215 3023 1284 3066 vero

136 3106 188 3166 ubi
210 3105 341 3167 mundus
364 3124 444 3174 arma
467 3123 521 3185 per
543 3123 648 3166 omnes
671 3106 721 3166 dat
743 3113 773 3165 et
793 3106 840 3167 sui
866 3107 1022 3177 admonet,
1054 3120 1153 3166 severe
1186 3102 1285 3181 agenti

137 3205 166 3265 id
188 3204 229 3264 its
252 3190 382 3280 intellegi
405 3211 555 3284 oporteret
576 3204 641 3283 ipsa
670 3222 751 3265 arma
784 3204 934 3266 admonita
968 3222 1037 3265 esse
1068 3210 1120 3264 aut
1144 3201 1199 3279 ¹sui
1233 3207 1285 3265 aut

138 3302 258 3376 mundi:
275 3290 391 3363 ¹statim
420 3301 604 3380 praeferetur
631 3302 762 3363 absolute
790 3302 901 3365 dictum
925 3309 1044 3381 putare:
1080 3299 1211 3360 mundos
1238 3298 1285 3359 sui

138 3388 355 3464 admonuit-
378 3400 532 3463 cuiusnam
554 3397 668 3478 igitur?
692 3401 805 3463 mundi.
850 3400 987 3479 lienique
1007 3397 1144 3459 violentia
1168 3414 1286 3459 summa

138 3507 319 3578 agnoscetur
347 3517 405 3578 qna
435 3498 611 3566 retlexivum¹
642 3517 810 3578 pronomen
840 3497 979 3561 iubemur
1006 3514 1069 3558 non
1097 3496 1133 3558 ed
1163 3494 1288 3557 subice.

138 3604 203 3661 tum
228 3598 287 3668 ¹sed
321 3597 357 3658 ad
391 3596 540 3659 obiectum
575 3599 743 3661 sententiae
776 3597 905 3669 trahere,
948 3614 1040 3676 quum
1080 3603 1182 3659 tamen
1223 3611 1284 3657 nou

86 3703 88 3706 ’
139 3696 217 3758 adsit
239 3696 396 3758 obiectum.
440 3696 538 3757 Etiam
565 3696 621 3758 hac
652 3695 743 3774 igitur
776 3695 909 3757 videlicet
941 3695 1045 3760 eadem
1080 3693 1286 3755 observatione

139 3801 293 3875 permotus
315 3793 454 3855 Heinsius
484 3795 636 3874 desperata
662 3795 709 3857 illa
731 3795 912 3875 periclitatus
936 3794 1103 3855 coniectura
1126 3801 1180 3855 est.
1224 3792 1286 3855 Nos

140 3894 185 3954 vel
207 3892 351 3954 incuriam
380 3893 423 3952 vel
445 3892 575 3972 inopiam
604 3894 756 3972 scriptoris
778 3893 944 3973 perspicere
963 3891 1124 3971 coepimus.
1169 3891 1291 3973 Sonum.

141 3991 268 4052 fortasse
291 3991 424 4070 captabat
439 3990 652 4053 Ouidianorum
675 3998 811 4058 locorum
832 4010 867 4052 ex
883 3992 979 4053 Ponto
994 3991 1034 4052 lll
1049 3990 1079 4064 5,
1103 3987 1151 4050 38.
1197 3988 1285 4051 Trist.

141 4091 164 4151 V
186 4089 215 4164 3,
239 4090 324 4152 51.1
349 4091 377 4162 7,
402 4089 452 4151 26.

227 4204 369 4285 Sequitur
392 4205 422 4265 in
443 4224 469 4264 v.
487 4205 521 4266 2:
549 4207 657 4267 situlos
678 4210 718 4268 sic
736 4224 860 4286 nomque
879 4209 1018 4268 minetur.
1070 4203 1174 4281 Neque
1205 4202 1284 4263 enirn

143 4303 220 4364 aliud
260 4304 420 4383 quidquam
462 4323 498 4365 ex
519 4304 661 4365 'lectione
695 4305 935 4366 vindobonensis
974 4303 1040 4363 libri
1078 4301 1285 4363 extricabitur:

142 4405 181 4463 sic
213 4419 335 4481 ronow:
372 4405 516 4474 minator,
553 4421 620 4463 cum
658 4402 808 4465 Parisinus
845 4402 964 4464 babeat:
1004 4418 1054 4480 quq
1090 4417 1181 4462 mutto
1217 4420 1294 4481 que--
