2924 5018
609 283 853 348 -141—

159 459 216 520 ista
228 459 403 521 ecccomnia
416 459 1303 543 longeadportataerlihrodegener.anim.lllsuntp.75613
1359 538 1363 555 ἱ

163 556 285 618 13-25
303 567 511 641 praeterquam
534 560 614 639 quod
637 559 678 621 ibi
703 578 784 622 nunc
807 562 889 622 deest
901 561 974 623 illud
991 560 1146 643 difficulter
1160 562 1307 640 purcresi

159 669 228 720 tecto
249 660 435 739 inscrutatum
469 659 555 741 idque
589 658 714 722 librariis
743 660 929 724 intercidisse
952 661 1012 723 veri
1042 659 1227 723 simillimum
1258 665 1304 719 est

159 758 333 838 praesertim
357 778 425 821 curn
442 780 467 821 v.
485 759 525 820 22
549 761 774 822 monedularum
799 761 910 823 mentio
933 760 1011 823 adsit
1032 780 1108 842 quae
1130 765 1304 822 mansuetae

159 858 286 922 alantur.
332 859 409 922 'lum
443 878 511 921 vcro
546 861 622 941 apud
656 860 785 923 Plinium
820 861 991 925 reducimur
1024 862 1059 924 ad
1083 881 1112 941 p.
1129 859 1190 922 618
1206 859 1229 921 Β
1248 856 1302 918 13:

159 955 237 1040 περὶ
263 955 301 1020 dd
326 955 410 1031 τούς.
426 949 565 1043 χρόνους
590 957 626 1022 όν
653 955 703 1032 οἷς
728 951 904 1023 vindicino
931 956 963 1024 oi
992 955 1128 1043 Μηδίου
1155 957 1242 1031 ξένοι
1267 953 1304 1018 ἓν

159 1048 339 1140 Φαρσάλῳ,
377 1054 497 1141 ἐρημία
537 1055 573 1121 ἐν
602 1067 673 1132 τοῖς
702 1055 822 1133 τόποις
857 1069 927 1133 τοῖς
964 1057 1042 1142 περὶ
1075 1053 1218 1142 Ἀθήνας
1246 1053 1302 1118 καὶ

160 1150 417 1238 Πελοπόννησον
446 1149 573 1234 ἐγένετο
602 1153 752 1240 κοράκων
782 1153 825 1231 ὥς
854 1155 995 1237 ἐχόντων
1030 1152 1194 1240 αἴσθησίν
1229 1177 1304 1218 τινα

157 1252 213 1336 τῆς
242 1249 326 1335 παρ’
356 1249 527 1338 ciiiilius
556 1252 744 1339 όηλόσεωςε
776 1258 815 1320 ita
845 1266 878 1320 ut
908 1257 1035 1320 dubitari
1065 1257 1185 1338 quidem
1208 1255 1303 1336 possit

156 1371 231 1416 num
252 1353 329 1415 forte
345 1353 420 1414 Plini
444 1354 490 1416 illa
514 1374 578 1417 cum
600 1357 736 1436 pluttiuut
758 1374 853 1419 ccccm
867 1376 927 1437 eqs.
943 1357 1021 1438 apud
1036 1355 1226 1419 Aristotelem
1248 1373 1301 1435 pe-

157 1453 275 1526 rierint,
309 1453 417 1533 ineptia
451 1463 550 1516 autem
573 1455 754 1518 inculcatum
787 1456 971 1536 apertissima
1005 1475 1021 1518 a
1053 1455 1145 1518 latino
1168 1455 1303 1518 rideatur

156 1553 334 1633 interprete:
370 1557 402 1615 iu
430 1557 565 1634 auspiciis
594 1555 682 1617 solus.
732 1555 791 1618 Sed
825 1556 913 1619 etiam
947 1557 979 1618 in
1011 1556 1088 1618 Plini
1110 1555 1182 1631 §31
1218 1557 1301 1619 locus

157 1669 279 1730 maccus
300 1652 380 1714 idern
404 1656 443 1728 (r.
460 1653 573 1735 9sqq.)
597 1653 755 1734 respicitur
779 1663 809 1717 et
832 1655 954 1735 quidem
977 1655 1073 1718 verbis
1095 1655 1158 1717 his:
1189 1655 1302 1736 petunt

157 1753 234 1815 nidis
260 1752 358 1834 pullus
388 1773 421 1815 uc
445 1753 545 1816 colare
571 1764 671 1834 οομαιι
701 1758 793 1828 corui;
829 1757 928 1834 fctuus
952 1773 1019 1817 suus
1046 1758 1152 1836 [upuut
1181 1754 1299 1835 turpius

159 1849 235 1921 Quid
250 1870 320 1913 vero
336 1849 495 1932 deinceps?
510 1870 613 1928 graeca
628 1849 664 1915 ἐν
678 1862 749 1925 τοῖς
764 1862 895 1937 μικροῖς
910 1856 1046 1937 χωρίοις
1061 1899 1111 1917 ...
1127 1849 1188 1916 δύο
1203 1849 1301 1937 μόνοι

158 1950 306 2026 γίνονται
322 1952 432 2014 mirum
454 1952 485 2014 in
510 1953 631 2015 modurn
654 1953 692 2014 ita
714 1953 805 2016 latine
829 1954 1050 2025 enuntiantur:⁴
1060 1957 1160 2036 parvis
1181 1957 1212 2016 iu
1234 1957 1302 2016 vicis

157 2067 217 2112 αοα
237 2049 304 2130 plus
333 2050 402 2114 liuu
427 2056 558 2132 couiupiu
587 2051 665 2118 suut!
701 2052 801 2134 ltaque
823 2064 1006 2117 correctores
1036 2053 1132 2117 Plinio
1165 2062 1217 2117 aut
1241 2073 1302 2118 uua

157 2152 288 2230 couiupic
313 2150 422 2213 dabant
446 2160 497 2212 aut
523 2152 620 2213 biuuru
646 2155 810 2232 couiupium
833 2161 884 2214 aut
904 2154 964 2215 bini
977 2157 1105 2234 ccuiupio
1125 2173 1201 2234 quac
1223 2161 1302 2217 starc

156 2248 300 2312 nimirum
320 2249 418 2311 omnia
432 2259 602 2330 nequeunt:
625 2251 709 2329 quasi
731 2268 792 2312 non
814 2251 950 2315 facillime
971 2252 1020 2313 hic
1041 2270 1161 2333 quoque
1178 2260 1211 2314 ut
1232 2251 1302 2313 hri-

156 2348 273 2410 stotelis
288 2366 386 2411 sermo
398 2349 585 2412 mutilaretur
600 2349 728 2412 accidere
740 2350 885 2430 potuerit3
899 2360 929 2413 et
944 2351 1028 2431 quasi
1044 2368 1106 2413 non
1122 2350 1196 2413 adsit
1213 2350 1302 2412 etiarn

156 2448 313 2527 vestigium
329 2448 447 2529 aliquod
462 2449 583 2511 lacunae
601 2447 633 2510 in
650 2449 858 2531 manuscriptis
883 2450 920 2513 iis
946 2451 998 2532 qui
1018 2449 1157 2529 exhibent
1170 2467 1225 2530 pro
1241 2444 1301 2513 όόο

155 2541 254 2628 μόνοι
290 2550 438 2626 γίνονται
472 2548 570 2629 potius
603 2543 663 2610 δύο
700 2545 760 2631 μὲν
796 2546 870 2614 οἷον
904 2551 1070 2629 pisaurum
1105 2550 1198 2618 tueris
1235 2567 1302 2612 cccc

157 2665 216 2727 qua
237 2648 353 2710 ratione
375 2647 471 2711 hiatus
488 2656 625 2711 nascatur
646 2647 787 2727 primurn,
810 2658 912 2729 postea
934 2659 1094 2713 consuatur
1116 2649 1303 2730 exemplum

155 2745 307 2827 legebatur
327 2747 405 2811 fere:
436 2744 503 2811 όόο
532 2744 605 2827 μὲν
633 2743 723 2810 οἷον
752 2744 788 2811 ἓν
817 2748 1002 2831 Κραννῶνι,
1029 2746 1070 2811 τὰ
1096 2746 1133 2811 δὲ
1160 2745 1302 2810 πλεῖστα

155 2848 305 2931 τέτταρες
340 2848 541 2926 γίνονται.
597 2845 731 2927 llcniquc
765 2865 835 2908 vero
867 2848 946 2927 apud
978 2847 1106 2909 Plinium
1142 2847 1229 2908 etium
1264 2845 1301 2907 ad

155 2946 266 3011 librum
288 2947 325 3009 de
346 2945 447 3011 Mirab.
471 2945 633 3009 Auscultat.
656 2945 793 3026 pellimur
815 2944 925 3007 verbis:
959 2949 1100 3026 punitores
1125 2945 1219 3008 suboli
1244 2947 1302 3008 locu

157 3043 271 3121 cedunt}
305 3064 374 3108 nam
395 3048 445 3113 Ar.
460 3065 490 3125 p.
506 3045 569 3108 842
584 3046 607 3107 B
624 3045 662 3106 10
688 3054 717 3107 et
738 3044 899 3106 Crannonii
921 3045 1002 3107 corvi
1036 3045 1143 3108 adsunt
1176 3053 1206 3108 et
1238 3045 1302 3126 ipsa

156 3147 229 3209 haec
262 3145 422 3218 sententia,
457 3164 525 3207 cum
554 3153 659 3207 contra
687 3144 750 3206 loco
781 3143 836 3206 cici
868 3144 940 3225 pulli
963 3145 1100 3208 dieantur
1132 3144 1163 3206 in
1196 3143 1302 3225 pagina

156 3243 322 3306 Aristotelis
348 3243 410 3306 618
433 3244 516 3325 prius
539 3254 672 3326 respecta
693 3235 716 3306 B
734 3244 783 3305 11.

241 3343 279 3405 ht
304 3343 336 3406 in
361 3343 458 3407 Plinio
484 3344 582 3407 hiatus
608 3343 741 3406 lectionis
766 3343 940 3406 manifestus
967 3350 1013 3404 est
1038 3341 1152 3417 1x743
1175 3359 1244 3402 nam
1269 3341 1302 3401 in

157 3443 305 3505 sententio
322 3442 415 3524 qualis
439 3442 550 3505 editur:
575 3445 682 3506 duruut
698 3444 865 3523 (courcelles)
893 3452 918 3504 et
944 3445 1003 3504 αἀο
1018 3461 1095 3522 apuu
1115 3444 1189 3504 senis
1205 3439 1302 3503 dicbus

156 3543 289 3624 aquilone
303 3547 440 3624 spircmc,
466 3553 564 3606 austro
587 3542 781 3624 paucioribus.
812 3542 847 3603 At
861 3542 980 3604 Ιαόαιιαι
1005 3540 1119 3603 caedem
1139 3544 1170 3602 iu
1196 3543 1302 3622 cm'uuu

157 3660 233 3723 apuu
247 3660 306 3705 uou
320 3641 446 3704 tolerunt
461 3662 498 3704 ne
520 3660 585 3704 rem
608 3649 758 3705 narratam
775 3641 963 3722 castigemus,
987 3640 1126 3703 destituta
1142 3659 1233 3703 sensu
1257 3646 1302 3702 cst
1363 3628 1364 3631 ¹

156 3741 299 3822 particula
320 3753 363 3817 at;
386 3742 624 3824 neque'hiemcm
639 3741 738 3823 potius
761 3741 887 3804 traditur
902 3759 992 3822 quam
1013 3734 1117 3818 hiesum
1140 3759 1231 3825 quare
1253 3740 1299 3802 in-

156 3828 258 3921 specto
280 3841 445 3903 Aristotelis
479 3842 543 3904 loco
576 3861 611 3904 eo
645 3840 697 3922 qui
729 3835 888 3921 praeclare
909 3840 956 3903 hic
984 3840 1132 3922 repetitur
1152 3861 1180 3923 p.
1199 3832 1298 3902 suth

159 3938 389 4004 16-23'haec
421 3941 482 4004 lere
516 3942 728 4027 nanciscimur:
763 3939 903 4004 Duruut.
923 3987 953 4002 ..
979 3951 1076 4004 austro
1105 3939 1298 4023 paucioribus.

156 4041 265 4102 Aestate
287 4042 445 4121 transferri
475 4045 507 4102 iu
538 4043 652 4104 vicaria
677 4046 738 4104 uou
755 4050 885 4124 possunt,
917 4051 948 4102 ct
975 4039 1073 4103 hicme.
1118 4039 1241 4118 Eundem
1269 4041 1300 4099 iu

156 4144 261 4221 eus'puu
275 4157 350 4222 uque
364 4158 423 4202 uou
436 4141 568 4203 ιοὶινοαι.
589 4124 590 4131 ¹
605 4139 764 4204 Tolerandi
786 4139 866 4203 enim
889 4133 1011 4202 verbum
1027 4132 1115 4201 ctiam
1130 4134 1299 4201 absolutum

156 4239 292 4320 usurpari
317 4240 353 4302 ab
376 4239 539 4302 accusativo
564 4248 670 4302 notum
693 4228 751 4300 cst.¹
975 4224 979 4241 ²

242 4338 300 4401 Sed
329 4332 433 4401 ‘locum
466 4338 634 4401 evolvamus
667 4325 840 4420 ampliorem
867 4337 940 4400 Plini
957 4335 997 4397 lX
1015 4329 1130 4398 rst'ut
1153 4353 1211 4417 qua
1236 4335 1299 4415 lege

157 4446 313 4519 excerptus
336 4439 507 4505 Aristoteles
528 4439 567 4500 sit
589 4437 913 4519 clarius'compa'reah‘
1136 4426 1140 4431 ’
