2924 5018
648 326 892 389 -198—

201 503 383 565 mentatione
412 504 592 583 pereleganti
614 503 666 565 Die
688 502 886 565 Horaziscben
908 502 1037 563 Pisonen
1067 502 1159 564 indita
1187 520 1340 564 commen·

199 601 361 664 rationibus
391 602 547 682 philologis
580 602 610 663 in
644 603 789 663 honorem
822 600 878 662 Tb.
908 602 1084 663 Mommseni
1119 621 1146 681 p.
1173 601 1236 662 420
1257 622 1342 682 sqq.;

200 701 339 781 scriptam
373 701 451 763 enim
476 703 576 762 Artem
606 701 701 781 arguit
729 718 790 763 non
812 709 880 779 post
907 710 1018 762 annum
1041 720 1066 760 a.
1091 719 1120 761 u.
1137 700 1207 762 735.
1254 703 1340 774 Quod

81 844 86 853 -
200 799 277 862 siin
300 799 417 861 calculis
440 799 515 861 meis
538 799 670 862 metricis
694 799 846 860 Horatium
869 798 991 878 plenum
1016 798 1224 874 exhibuissem,
1251 818 1341 879 argu-

201 899 294 961 menti
315 900 380 960 loco
403 899 440 961 ad
462 918 514 961 eos
535 916 743 979 provocarem:
768 899 952 961 nuuosrdem
975 898 1016 959 eis
1040 907 1073 959 ut
1094 898 1159 979 ipse
1175 898 1278 966 babeo,
1300 900 1340 961 ita

200 1008 301 1061 tamen
317 996 388 1059 allos
404 997 557 1060 babituros
575 1016 640 1058 esse
656 997 792 1076 despero.
823 997 970 1069 Quoniam
989 1016 1056 1058 vero
1072 998 1253 1076 argumentis
1270 1001 1340 1060 dum

201 1098 267 1159 sinc
289 1097 470 1177 argumentis
499 1095 601 1157 diffido
640 1112 738 1176 neque
767 1096 827 1159 viro
856 1095 1028 1157 doctissimo
1057 1114 1154 1176 neque
1178 1116 1245 1159 vero
1269 1099 1341 1160 mihi

201 1196 259 1277 ipsi
280 1196 416 1278 placebo,
449 1196 485 1256 de
508 1214 594 1257 versu
617 1195 721 1256 saltem
745 1195 823 1257 Artis
846 1194 989 1275 obloquar
1006 1195 1065 1255 157
1091 1195 1340 1277 (alienetur).
1420 1219 1426 1228 ·

201 1296 276 1357 Nam
300 1312 367 1357 cum
389 1295 462 1356 haec
482 1293 590 1356 tradita
612 1293 773 1373 accepisset
796 1310 921 1373 magnus
944 1294 1112 1355 Bentleius:

301 1407 412 1469 Aetatis
435 1405 579 1487 cuiusque
601 1404 725 1467 notandi
748 1414 820 1469 sunt
840 1404 895 1467 tibi
918 1425 1016 1467 mores

300 1504 517 1585 Mobilibusque
539 1504 629 1566 decor
650 1505 763 1567 naturis
786 1505 900 1567 dandus
922 1511 952 1566 et
974 1505 1070 1579 annis,

202 1637 263 1681 nou
285 1624 364 1680 recte
385 1617 434 1679 ille
456 1615 644 1679 coniectavit:
756 1658 758 1663 ·

301 1728 519 1810 Mobilibusque
542 1729 631 1791 decor
652 1727 777 1790 maturis
799 1728 914 1791 dandus
936 1736 966 1790 et
988 1729 1084 1791 annis.

173 1871 175 1875 ·
203 1842 281 1917 Quid
294 1842 385 1916 enim,
405 1837 539 1922 quaeso?
555 1840 669 1903 dandus
681 1841 770 1902 decor
783 1848 829 1902 est
845 1849 875 1902 et
885 1841 1048 1922 puerilibus
1064 1843 1150 1904 annis
1161 1852 1191 1906 et
1203 1846 1341 1906 maturis:

203 1941 324 2023 quinam
347 1927 438 2023 igitur
459 1936 574 2001 decor?
600 1956 639 2000 an
667 1940 796 2002 decorati
818 1940 888 2002 anni
910 1940 980 2021 quid
1004 1940 1064 2002 sint
1085 1941 1180 2004 dicere
1207 1938 1343 2022 poteris?

202 2038 391 2101 scribendum
416 2036 582 2101 necessario
604 2037 676 2100 fuit:
708 2039 798 2101 decor
826 2059 912 2101 suus
941 2039 985 2102 vel
1008 2041 1098 2102 decor
1125 2050 1235 2122 aptus
1257 2043 1342 2104 aunis

202 2139 316 2203 dandus
339 2147 368 2199 et
391 2137 515 2200 maturis
538 2144 566 2198 et
589 2136 748 2199 mobilibus
772 2146 823 2200 est
869 2138 928 2199 lam
952 2157 1022 2200 vero
1044 2144 1160 2202 noturr's
1181 2143 1260 2222 quod
1282 2152 1343 2203 tra-

202 2238 280 2300 ditur
302 2237 415 2317 optime
437 2235 534 2298 babet.
573 2235 674 2298 Varias
696 2236 778 2298 enim
801 2243 912 2317 aetates
934 2236 1063 2300 bominis
1079 2237 1215 2320 distincte
1230 2259 1343 2320 ponere

201 2337 340 2400 Horatius
362 2354 424 2398 non
445 2344 514 2398 ante
536 2353 653 2397 versum
680 2332 739 2397 158
763 2335 951 2416 adgreditur3
984 2353 1073 2408 nunc,
1103 2347 1137 2400 ut
1158 2339 1243 2412 solet,
1272 2359 1345 2402 sen-

202 2437 326 2500 tentiam
341 2454 402 2497 non
418 2435 479 2499 vult
494 2434 551 2496 nisi
573 2454 662 2496 unam
686 2444 716 2496 et
738 2435 863 2497 eandem
886 2434 1001 2498 duobus
1022 2435 1155 2499 versibus
1177 2436 1223 2499 bis
1246 2438 1343 2519 eloqui

202 2535 307 2598 leniter
323 2535 479 2597 immutato
496 2551 648 2596 sermone:
666 2535 743 2594 velut
754 2534 838 2596 decor
848 2534 962 2596 dandus
975 2534 1053 2597 idem
1068 2536 1201 2617 estquod
1214 2536 1343 2611 notandi,

202 2646 325 2700 naturae
346 2633 427 2696 idem
450 2632 528 2715 quod
550 2651 653 2707 moros,
681 2640 855 2694 naturarum
878 2633 1027 2695 mobilitas
1055 2636 1145 2697 refert
1172 2636 1242 2697 illud
1266 2647 1344 2698 oetas

202 2751 342 2815 quaeque:
375 2732 476 2814 itaque
503 2731 644 2812 quoniam
674 2749 771 2811 neque
798 2732 883 2793 decor
910 2732 981 2811 poni
1004 2734 1101 2794 nudus
1123 2735 1221 2814 potuit
1246 2753 1344 2815 neque

203 2850 273 2895 vero
296 2831 394 2894 sensui
417 2830 528 2894 suflicit
549 2830 620 2893 illud
643 2839 670 2892 et
691 2834 784 2903 annis,
807 2820 946 2892 Horatius
970 2831 1041 2894 baec
1062 2831 1215 2914 scripsisse
1238 2843 1344 2913 putan-

205 2932 260 2994 dus
284 2940 345 2992 est:

303 3028 412 3091 Aetatis
435 3028 578 3107 cuiusque
599 3027 722 3089 notandi
744 3033 813 3090 sunt
836 3025 889 3088 tibi
912 3046 1011 3090 mores

304 3131 519 3213 Mobilibusque
541 3131 655 3193 decor
676 3125 788 3188 naturis
811 3124 956 3187 dandus
980 3126 1021 3188 ab
1043 3128 1164 3202 annis,

204 3245 352 3325 stabitque
385 3243 443 3307 iam
476 3242 556 3323 quod
578 3238 724 3321 Hauptius
752 3236 921 3300 observavit
942 3236 1078 3317 (Observ.
1101 3239 1164 3301 crit.
1187 3260 1216 3321 p.
1233 3241 1273 3303 48
1286 3243 1344 3322 sq.)

204 3344 358 3407 Horatium
392 3343 423 3404 in
453 3342 554 3424 epodis
581 3334 699 3424 quidem
724 3345 754 3400 et
776 3335 964 3399 sermonibus
986 3337 1143 3417 particulas
1166 3340 1344 3420 copulativae

205 3443 298 3525 qualis
328 3449 374 3505 est
403 3453 430 3505 et
451 3461 468 3503 a
491 3442 588 3522 primo
610 3437 756 3502 enuntiati
783 3436 848 3498 loro
871 3436 1032 3498 removisse
1055 3437 1172 3518 saepius
1194 3438 1343 3520 aliquanto

205 3561 294 3625 quam
311 3541 478 3621 Vergilium,
496 3540 595 3603 minus
611 3559 698 3619 saepe
714 3537 745 3599 in
761 3535 950 3610 carminibus
973 3536 1101 3598 maxime
1124 3537 1156 3599 in
1171 3540 1344 3619 posteriori-

206 3642 262 3703 bus
284 3639 375 3712 libris‚
398 3658 519 3720 perraro
542 3641 573 3701 in
596 3637 739 3720 epistulis,
762 3635 793 3696 iu
816 3643 880 3696 arte
902 3635 1015 3715 poetica
1039 3653 1197 3716 nusquam.

292 3739 349 3801 Sed
384 3738 471 3800 etiam
506 3738 552 3800 illa
586 3737 755 3799 coniectura
787 3733 983 3796 incertissima
1016 3743 1061 3798 est
1083 3755 1140 3816 qua
1162 3755 1280 3799 versum
1304 3739 1344 3800 65

207 3839 310 3900 elierre
340 3855 407 3898 cum
434 3837 515 3898 biatu
548 3837 623 3898 circa
651 3833 812 3896 bucolicam
845 3850 995 3896 caesuram
1031 3833 1180 3916 insperato
1214 3837 1346 3918 cogimur

207 3936 257 4000 tali
290 3936 401 4000 scilicet
433 3952 523 4015 quem
545 3932 689 4013 Vergilius
719 3931 862 4004 exercuit,
894 3947 953 3992 non
982 3933 1112 3995 exercuit
1136 3933 1271 3997 Horatius
1295 3936 1343 4015 (cl.

208 4035 340 4107 saulo,
357 4033 405 4096 38.
429 4033 454 4095 ΙΙ
470 4033 499 4105 2,
515 4031 585 4112 28);

308 4133 395 4213 Regis
418 4151 503 4212 opus,
526 4130 671 4194 sterilisve
693 4132 776 4215 palus
800 4130 848 4194 diu
872 4137 997 4213 aptaque
1020 4131 1124 4206 remis3

208 4246 315 4309 sedin
338 4244 445 4307 tradita
467 4244 608 4307 lectione:

308 4357 394 4435 Regis
418 4376 502 4436 opus,
524 4356 668 4419 sterilisve
690 4356 740 4419 diu
762 4356 847 4438 palus
870 4362 997 4438 aptaque
1019 4358 1109 4420 remis

309 4456 424 4520 vicinas
448 4455 530 4519 urbis
552 4454 601 4518 alit
624 4464 653 4518 ct
673 4472 761 4535 grave
782 4455 873 4519 sentit
893 4463 1024 4518 aratrum
