2924 5018
601 258 844 324 -ten-

155 446 182 497 et
202 438 306 498 enoria
333 444 360 498 et
387 436 505 498 lenires
525 435 601 498 sicut
628 436 746 516 scripsit
771 456 798 498 e.
820 455 848 516 g.
869 434 938 498 llet
952 434 993 497 lll
1009 434 1074 497 172
1095 434 1137 499 Bt
1159 432 1267 497 Psecas
1286 442 1311 496 et

155 535 268 607 rosam
290 535 362 596 haec
383 535 462 597 euim
486 554 520 596 ea
542 554 611 597 cura
633 535 691 597 luit
706 553 763 616 qua
786 536 874 597 etiam
890 535 1044 597 Xanthum
1067 533 1234 616 ponehmt
1256 552 1310 615 pm

155 634 345 696 Scamandro.

240 733 341 813 Neque
363 733 605 796 immemoratum
620 733 677 795 hoo
691 733 856 814 relinquam
870 735 1058 795 hexametros
1081 733 1115 795 iu
1133 730 1312 795 llalieutieis

155 841 273 912 praeter
294 831 441 912 dipodiam
465 833 581 893 finalem
611 838 692 894 totos
719 831 859 911 spondeis
887 832 1029 912 compleri
1057 830 1220 901 undecim,
1249 828 1311 891 boc

156 939 201 992 est
222 930 428 993 duodecimum
444 950 593 1012 quemque
616 932 828 1004 hexametrum,
849 949 938 1012 quam
962 920 1051 993 metri
1073 929 1220 993 inertiam
1242 936 1309 989 toto

155 1031 234 1091 caelo
257 1029 293 1090 ab
316 1028 419 1089 ovidio
442 1029 552 1090 distare
575 1046 637 1090 non
660 1036 706 1091 est
738 1030 819 1110 quod
842 1029 987 1091 affirmem
1011 1029 1058 1091 rel
1087 1026 1307 1109 conprobemz

155 1146 301 1209 apponam
318 1135 417 1189 tamen
438 1135 472 1189 ut
489 1145 628 1191 numeros
643 1149 746 1192 cernas
762 1129 875 1210 aliquos
889 1147 966 1210 quos
980 1145 1142 1209 compares
1157 1126 1193 1189 in
1206 1124 1278 1187 llet
1294 1125 1307 1186 l

156 1226 288 1308 exempla
310 1245 416 1289 novem
438 1236 553 1290 tantum
577 1229 631 1308 legi
653 1230 698 1291 vel
720 1248 816 1291 unum
837 1229 917 1290 inter
932 1226 973 1289 86
986 1246 1044 1301 vn,
1059 1226 1093 1288 in
1105 1225 1182 1287 liet.
1198 1225 1225 1286 ll
1244 1242 1306 1287 un·

156 1326 250 1388 decim
280 1326 324 1387 vel
353 1344 446 1388 nuum
473 1327 554 1388 inter
575 1327 626 1399 79,
649 1328 681 1389 in
704 1329 771 1390 hlet.
786 1328 826 1390 lll
849 1346 953 1389 norem
976 1326 1022 1389 val
1043 1342 1141 1388 unum
1163 1319 1301 1387 inter81

156 1425 206 1504 (cl.
230 1424 382 1487 Drobischi
403 1426 539 1488 tabellam
559 1427 590 1488 in
614 1427 678 1488 ber.
693 1425 781 1489 Verh.
797 1427 913 1489 Saechs.
928 1425 963 1486 G.
978 1424 1024 1486 W.
1040 1422 1121 1485 XXV
1135 1421 1171 1485 S.
1184 1420 1252 1501 23),
1272 1420 1304 1482 in

157 1522 402 1586 lledicaminibus
423 1524 548 1586 Formae
571 1525 739 1605 exemplum
761 1526 887 1587 nullum.

241 1623 325 1697 Quod
363 1640 430 1684 vero
475 1624 585 1685 voculis
628 1623 724 1686 tribus
769 1621 976 1703 monosyllabis
1018 1618 1164 1683 delinitur
1201 1636 1302 1681 versus

157 1720 220 1784 Hal.
239 1722 314 1782 107:
343 1732 370 1784 et
397 1741 435 1784 ee
463 1741 505 1794 ae,
534 1723 590 1784 hoc
613 1740 673 1784 non
698 1723 788 1802 magis
811 1721 951 1783 abhorret
972 1738 989 1782 a
1011 1719 1133 1781 Nasone
1154 1736 1249 1799 quam
1269 1716 1301 1777 iu

158 1820 274 1882 heroid.
301 1819 349 1891 12,
371 1821 411 1880 25
434 1821 504 1882 illud
529 1823 603 1902 qood
629 1822 671 1883 lde
698 1833 739 1885 est
760 1822 808 1898 (ef.
832 1820 906 1883 blus.
931 1814 1159 1906 llhen.XXhl1
1182 1836 1215 1898 p.
1229 1813 1301 1887 391)

157 1919 237 1980 velut
260 1920 378 1981 hletam.
394 1919 524 1981 1111613
547 1921 672 1999 legimus
699 1931 725 1982 et
746 1920 799 1981 hoc
825 1929 880 1994 est,
903 1919 981 1979 llast
997 1914 1088 1977 1439
1111 1925 1140 1977 et
1159 1914 1236 1977 haec
1255 1922 1301 1977 est.

158 2018 298 2080 Coalescit
321 2036 427 2097 nempe
449 2029 489 2079 est
510 2018 541 2078 in
562 2019 701 2098 exemplis
730 2020 775 2080 his
808 2037 875 2080 cum
909 2015 998 2078 verbo
1031 2014 1246 2087 antecedente,
1274 2012 1301 2073 id

158 2118 237 2196 quod
270 2118 415 2196 praeclare
448 2118 607 2197 persuadet
638 2128 669 2180 ut
698 2126 950 2198 pentametromm
983 2131 1104 2194 qnoque
1137 2112 1295 2175 clausula-

159 2215 246 2277 talem
274 2227 318 2278 sot
343 2227 384 2278 est
404 2206 506 2295 (Tri'st.
528 2218 595 2288 Vl,
612 2216 667 2298 68)
690 2226 721 2279 et
741 2218 832 2279 scelus
853 2226 893 2278 eat
915 2218 964 2288 (er
985 2211 1102 2274 Ponti
1118 2210 1150 2284 6,
1166 2210 1227 2285 28)
1250 2226 1296 2291 pro

158 2334 216 2378 una
231 2316 315 2395 quasi
330 2335 399 2377 voce
413 2317 625 2378 enuntiandam
648 2337 712 2378 esse
727 2326 867 2397 putemus
890 2317 1007 2395 (parum
1022 2312 1079 2373 hoe
1092 2310 1194 2373 sensit
1208 2309 1301 2371 Lach-

160 2433 285 2477 mannus
308 2415 337 2476 in
361 2415 424 2480 lnd.
447 2415 513 2476 lect,
530 2416 624 2478 berol.
643 2415 722 2476 1848
746 2415 801 2477 sub
825 2415 938 2488 tinem).
983 2411 1066 2473 Haud
1088 2428 1177 2473 secus
1201 2416 1301 2471 annm

158 2524 185 2575 et
206 2532 244 2575 ee
264 2532 293 2575 se
314 2514 345 2574 in
370 2514 431 2575 llal.
455 2514 563 2596 atque‘
578 2517 616 2577 ad
648 2534 679 2577 oe
710 2524 750 2575 est
770 2514 860 2575 Trist.
875 2514 898 2574 V
913 2512 979 2582 4,5
1002 2515 1163 2571 excusatur
1195 2515 1301 2571 natura

160 2614 330 2674 vocrrlarum
353 2631 390 2674 en
412 2621 442 2674 et
464 2614 511 2675 od.
556 2613 610 2675 Sin
632 2622 729 2675 autem
753 2613 842 2674 Trist.
859 2610 926 2683 116,
944 2609 981 2670 15
1005 2614 1085 2670 recte
1106 2606 1267 2669 scribitur:

261 2752 306 2813 Nil
329 2752 384 2813 nisi
407 2753 573 2816 mesalum
595 2752 692 2835 primo
712 2760 825 2815 tutatus
848 2770 889 2814 es
932 2751 969 2811 tt
989 2765 1071 2811 nunc

161 2921 200 2964 ne
221 2922 250 2964 es
271 2903 391 2983 quidem
413 2904 449 2966 ah
471 2905 647 2968 adhaesione
669 2905 719 2967 tali
740 2904 867 2967 alienum
890 2900 1055 2982 putandum
1077 2906 1138 2973 est3
1161 2898 1201 2960 cf.
1224 2897 1301 2963 east

160 3001 197 3061 lv
211 3001 283 3062 456.

247 3102 384 3163 Ceterum
419 3103 532 3164 metrici
570 3103 628 3165 mei
666 3102 754 3164 libelli
787 3106 994 3181 argumentum
1027 3096 1115 3158 simul
1148 3103 1182 3156 et
1213 3094 1299 3158 latius

162 3201 325 3281 expandere
358 3210 387 3263 et
420 3202 573 3265 subtiliore
606 3221 675 3264 eura
704 3208 882 3281 pertractare
908 3199 940 3260 in
972 3197 1071 3259 auimo
1093 3194 1218 3275 quidem
1242 3210 1301 3257 non

162 3309 224 3374 est,
257 3301 309 3361 sed
342 3319 404 3363 non
438 3301 503 3363 sine
537 3302 635 3362 fructu
662 3299 727 3360 lieri
754 3298 876 3378 poterit:
906 3296 1016 3357 scilieet
1048 3302 1078 3355 et
1109 3293 1211 3355 forma
1232 3290 1300 3353 PPS

164 3419 218 3461 uec
250 3415 311 3461 non
344 3400 416 3474 PQS
451 3410 519 3462 nata
553 3400 629 3463 baud
661 3417 729 3461 raro
762 3396 863 3459 studio
890 3392 1040 3475 gravitatis
1074 3391 1222 3454 credenda
1257 3396 1300 3451 est

163 3499 265 3579 (idque
293 3499 368 3561 valet
394 3500 458 3562 fere
480 3501 516 3562 de
539 3499 680 3580 exemplis
703 3515 778 3578 quae
800 3495 925 3557 indicavi
946 3493 965 3554 l.
988 3493 1008 3553 l.
1031 3510 1060 3572 p.
1076 3491 1117 3551 54
1139 3490 1222 3563 adn,
1250 3486 1300 3550 ubi

163 3598 199 3658 ad
232 3597 311 3659 locos
339 3597 498 3661 Ovidianos
527 3616 594 3678 erqo
621 3616 675 3679 pro
697 3614 763 3677 erqo
784 3614 833 3675 eqo
865 3591 1039 3654 exhibentes
1073 3589 1231 3651 addendus
1258 3595 1302 3649 eet

163 3696 253 3757 Trist.
268 3696 303 3756 lV
322 3696 369 3769 td,
388 3698 464 3774 1153
486 3698 602 3759 Riesius
625 3713 693 3757 vero
715 3715 764 3775 eqo
777 3694 910 3755 inserere
933 3699 984 3752 aut
999 3686 1080 3750 nullo
1094 3687 1159 3748 loco
1174 3686 1303 3749 debehat

163 3801 214 3856 ant
237 3793 385 3856 omuibus.
420 3795 560 3857 Similiter
582 3795 735 3856 lledicam.
757 3813 784 3854 v.
801 3790 842 3854 99
856 3792 917 3852 aidi
936 3807 984 3870 eqo
1005 3806 1060 3868 pro
1081 3786 1142 3849 eidi
1162 3796 1303 3868 expecta·-

164 3892 254 3973 bam),
278 3901 307 3954 et
328 3893 409 3968 illud,
432 3896 512 3975 quod
527 3912 629 3956 versus
651 3892 790 3973 tripartiti
812 3891 900 3952 modo
919 3889 1020 3969 plures
1042 3886 1131 3947 modo
1146 3886 1305 3966 muniones

165 3992 381 4072 semiquinariis
396 3994 609 4065 admiscentur,
624 4000 727 4071 arguto
742 4004 958 4071 saepenumero
969 3984 1091 4047 consilio
1105 3983 1220 4046 laetum
1243 3992 1303 4047 est:

165 4091 287 4155 consilio
310 4101 389 4154 certe
422 4092 453 4153 in
474 4092 620 4155 Tristibus
652 4090 831 4171 reliquisque
864 4105 900 4147 ex
922 4084 1018 4144 Ponto
1039 4080 1179 4162 Epistulis
1214 4084 1306 4165 duplo

165 4191 259 4254 rarior
280 4191 444 4270 tripartitus
476 4192 524 4253 ille
556 4192 678 4253 incedit:
712 4189 822 4269 quippe
856 4201 948 4246 sonus
979 4180 1139 4261 simplicior
1171 4190 1204 4243 et
1236 4183 1308 4247 uni·

166 4288 271 4355 formis
305 4290 443 4353 tristitiae
478 4292 569 4370 magis
597 4288 799 4359 conveniebat,
826 4286 874 4347 ille
896 4301 965 4344 vero
993 4288 1044 4342 aut
1065 4280 1192 4343 nutabile
1215 4282 1309 4346 nimis

167 4395 295 4475 spimbat
309 4400 360 4451 aut
374 4393 462 4452 nimis
477 4391 619 4459 sublime;
641 4389 831 4466 indidemque
848 4383 935 4447 etiarn
950 4380 1076 4461 quodiu
1092 4380 1133 4441 lbi
1149 4383 1310 4447 amabilius
