2924 5018
608 244 853 311 -122-

157 439 262 483 naeum
280 419 383 492 3091),
411 419 462 481 ubi
487 437 584 498 neque
610 415 666 479 nal
692 417 871 500 χάλανδροι
899 420 968 481 terri
984 426 1082 499 potest
1098 418 1212 500 'noque
1237 439 1308 481 vero

157 517 211 579 καὶ
235 514 408 598 palladem,
426 518 520 579 simile
541 518 652 579 inferre
667 519 887 597 temptaverim:
915 514 1068 598 τρυγόνες
1094 514 1123 579 κ’
1151 513 1308 581 ὀπισθό-

156 637 283 698 κεντροι
312 610 648 700 καίσχροέκοινθοο
677 619 805 698 κωβιοί.
852 618 920 683 ultr
945 618 975 680 iu
1002 617 1171 681 linometri
1196 616 1308 681 hunus

155 723 241 797 poeta
257 734 319 777 non
335 715 445 796 posuit.
475 716 572 794 Atque
594 715 710 777 litterae
732 715 856 781 traditae
883 717 960 781 bano
984 716 1086 798 potius
1107 715 1308 795 scriptionem

156 824 186 876 et
201 814 302 876 sensui
318 823 348 876 et
363 814 455 875 oeulis
472 813 685 877 oouoiliabunt:
1080 810 1084 818 ’

256 957 411 1030 Lubrieus,
426 967 456 1019 et
471 957 556 1038 spina
571 976 687 1019 nocuus
702 974 774 1019 nou
790 957 895 1036 gobius
911 957 988 1028 ulta

156 1128 215 1189 qua
242 1109 331 1171 etiam
357 1110 450 1189 magis
477 1116 650 1188 portentum
675 1110 753 1172 istud
779 1111 873 1173 leotor
893 1128 1086 1190 expavesoere
1109 1109 1231 1175 rebem
1268 1110 1308 1173 us

157 1227 215 1271 usu
229 1208 375 1289 participii
396 1226 455 1270 noa
472 1209 552 1273 ultus
566 1208 649 1288 quasi
669 1207 708 1269 sit
728 1209 839 1271 leubus
853 1207 905 1288 (of.
921 1208 984 1273 Hal.
1000 1228 1025 1269 r.
1042 1208 1096 1284 26)
1119 1209 1233 1289 passivi
1254 1210 1308 1273 de-

155 1307 331 1370 liberantem
356 1307 475 1372 misisse
501 1308 537 1371 ad
552 1307 671 1371 Heroid.
687 1307 747 1369 Vlll
766 1305 825 1367 120
851 1307 980 1371 sufficiet
1005 1316 1057 1369 aut
1082 1308 1121 1371 ud
1140 1308 1247 1375 Heiusi
1272 1309 1308 1371 de

157 1406 596 1469 uersublet.ll113iudioium.
626 1405 764 1469 leodricus
778 1424 854 1484 quae
881 1424 934 1467 vox
962 1406 991 1467 iu
1017 1407 1114 1486 sapite
1130 1407 1224 1473 metri
1237 1425 1306 1473 oer-
1341 1432 1347 1443 ·

158 1504 240 1566 uitur
254 1505 289 1568 ad
305 1505 419 1585 piseem
433 1504 600 1584 pertinebat
615 1505 666 1584 qui
682 1522 820 1565 versuum
837 1504 919 1567 biatu
935 1504 1092 1568 intercidit.

241 1604 336 1685 Atque
351 1604 388 1665 ad
403 1604 559 1691 gobiouem
574 1603 675 1667 aculeo
702 1603 871 1664 mittentem
896 1603 976 1665 uirus
1002 1602 1061 1667 iam
1087 1603 1307 1683 lolliginum

157 1703 238 1766 virus
252 1703 369 1783 nigrum
385 1711 554 1783 portantem
570 1703 602 1765 in
619 1721 743 1782 corpore
758 1702 885 1781 scriptor
900 1701 1019 1775 adserit,
1044 1701 1125 1765 sieut
1139 1702 1176 1765 sd
1192 1703 1305 1783 sepiam

155 1802 356 1883 polypumque
383 1820 549 1864 venenosos
565 1818 746 1862 venenosum
763 1799 922 1878 gobiouem
938 1801 1100 1881 Oppianus.
1130 1801 1211 1865 Nota
1227 1802 1305 1867 euim

159 1900 317 1979 lolligiuem
346 1900 475 1979 positam
504 1899 706 1978 neglegentius
736 1917 817 1971 esse,
860 1900 991 1979 ponique
1024 1900 1137 1980 sepiam
1165 1899 1305 1967 debuisse

158 1999 249 2075 (velut
263 1998 427 2079 Hesychius
447 2016 566 2078 quoque
587 1997 713 2077 explieat
737 1995 908 2070 τευθίδες·
935 1997 1082 2079 σηπίαι),
1107 2015 1180 2063 nam
1207 1999 1306 2080 sepiae

157 2097 277 2176 quidem
304 2116 357 2159 seu
383 2098 437 2159 viri
463 2098 524 2159 sive
553 2097 707 2176 sanguinis
722 2097 815 2159 maris
830 2097 912 2159 color
938 2097 1049 2175 niger
1075 2107 1122 2162 ost
1144 2097 1239 2165 'ouius
1261 2099 1333 2163 rei·

157 2203 249 2258 testes
275 2198 417 2259 advocare
442 2197 548 2271 taedet,
581 2203 684 2259 ooutra
717 2195 854 2274 lolbginis
881 2195 1045 2258 subrubere
1071 2196 1231 2263 videbatur
1244 2198 1305 2281 (lp-

154 2295 242 2375 piano
258 2303 337 2358 teste
352 2296 392 2357 ΠΙ
410 2297 482 2358 167;
506 2313 544 2358 au
563 2296 595 2359 iu
616 2313 750 2357 errorem
765 2294 934 2374 Oppianum
949 2294 1121 2359 Aristoteles
1136 2295 1303 2361 abduxerat

157 2395 208 2476 qui
233 2394 330 2476 ipsum
357 2396 459 2475 potius
484 2395 592 2457 animal
618 2391 781 2455 subrubere
808 2393 927 2474 scripsit
952 2393 1073 2470 (Athen.
1096 2390 1229 2471 3260?
1253 2395 1305 2461 sed

156 2495 259 2556 nescio
274 2512 346 2557 num
362 2495 419 2557 hoc
433 2495 498 2557 loco
513 2492 736 2555 rescribendum
756 2493 809 2553 sit:
829 2489 866 2555 ad
883 2489 920 2553 dd
935 2487 1050 2574 χρῶμά
1068 2484 1162 2559 ἔσκον
1179 2487 1305 2575 ὑπέρο-

158 2594 242 2673 apog
267 2587 285 2655 ὁ
312 2589 441 2666 θολός
466 2593 543 2655 siout
568 2592 672 2654 eodem
688 2590 752 2653 loeo
768 2592 803 2653 ad
819 2592 934 2663 τευθίς
950 2608 1061 2653 nonreu
1076 2592 1227 2672 seriptum
1240 2603 1303 2658 ost:

157 2687 223 2768 ἔχει
239 2689 278 2753 δὲ
292 2691 347 2754 καὶ
365 2690 471 2755 θολὸν
485 2689 522 2754 ἐν
535 2690 574 2779 τῇ
589 2685 703 2772 μύτιδι
720 2685 759 2754 οὐ
773 2688 901 2772 μέλανα
916 2684 990 2755 dtt'
1007 2684 1122 2770 ὠχρόν.

242 2790 391 2854 Asellus
405 2791 525 2854 nomine
540 2810 595 2853 suo
611 2799 671 2853 tam
687 2789 813 2851 deformi
828 2806 891 2852 nou
906 2789 1012 2867 dignus
1028 2807 1094 2851 esse
1105 2798 1213 2869 poetae
1224 2790 1305 2854 risus

156 2898 217 2966 est;
241 2908 352 2970 nempe
367 2897 455 2969 post
481 2889 736 2968 acipenserem
752 2888 940 2968 praecipuam
955 2887 1033 2967 apud
1048 2887 1201 2951 Romanos
1216 2907 1305 2969 pree·

157 3000 204 3051 ter
223 2991 311 3068 lupos
326 2988 531 3050 auctoritatem
555 2986 652 3049 asellis
667 2988 758 3051 fuisse
780 2994 809 3049 et
824 2985 977 3049 Cornelius
992 2986 1093 3066 Nepos
1114 2985 1304 3055 numanus

158 3095 246 3167 poeta
260 3086 408 3148 tradidere
425 3086 510 3160 (Pliu.
526 3084 567 3146 IX
582 3085 650 3163 61);
670 3094 758 3165 atque
779 3086 834 3149 bae
852 3085 978 3147 fortasse
1000 3084 1210 3151 observatione
1223 3086 1304 3165 inri-

158 3193 238 3247 tatus
252 3185 288 3246 ad
304 3185 426 3247 asellum
443 3184 474 3245 in
487 3203 512 3244 v.
529 3182 589 3245 134
603 3184 803 3263 acipenserem
818 3184 917 3263 ipsum
933 3190 1018 3263 poeta
1034 3183 1179 3247 adiunxit.
1209 3184 1304 3252 Suet

158 3304 222 3346 esse
251 3285 343 3346 duros
372 3283 490 3345 aliunde
520 3290 707 3362 compertum
738 3301 798 3345 uou
827 3281 932 3346 babeo.
978 3281 1084 3347 Caris
1111 3282 1231 3349 sinuata
1259 3284 1305 3349 rel

158 3385 276 3445 sinuosa
306 3381 445 3445 sollemni
475 3389 651 3445 ornamento
683 3389 883 3456 memoratum
915 3381 955 3443 ita
984 3373 1164 3462 καμπύλον
1193 3382 1304 3449 drorm

157 3490 245 3562 poeta
261 3482 339 3562 apud
354 3481 464 3543 Athen.
483 3481 573 3543 1055
589 3479 686 3559 (861))
707 3488 737 3541 et
751 3479 974 3543 Anasandrides
993 3478 1061 3541 ibid.
1081 3479 1171 3543 tota
1187 3490 1218 3545 et
1232 3480 1305 3562 Epi·

159 3582 298 3644 eborinus
317 3581 406 3643 106ss
432 3581 581 3651 dixerunt,
607 3576 726 3661 κυρτὴν
752 3577 1093 3658 Ophelionbis1061l3
1119 3586 1210 3658 atque
1233 3579 1303 3660 quis

160 3679 302 3741 omnibus
318 3680 423 3759 squilla
440 3680 505 3741 talis
520 3680 581 3740 risa
596 3686 651 3752 est,
678 3677 713 3739 ad
737 3673 868 3758 νύμφην
893 3675 972 3741 illam
990 3676 1105 3739 deferor
1119 3695 1210 3756 quam
1224 3677 1305 3743 inter

158 3775 414 3860 μολοκόστρακα
429 3777 613 3857 Speusippus
629 3772 665 3839 dr
679 3773 819 3857 δευτέρῳ
832 3770 974 3856 Ὁμοίων
991 3774 1161 3839 exhibebat:
1186 3793 1258 3841 uam
1272 3776 1304 3841 iu

158 3875 301 3938 similium
317 3876 540 3938 enumeratione
554 3874 609 3937 bae
625 3873 745 3949 (Athen.
765 3874 822 3937 105
833 3873 868 3954 Β)
889 3870 1030 3954 κόρακον
1051 3868 1200 3939 ἀστακὸν
1221 3870 1305 3958 νύμ-

158 3968 226 4060 φην
245 3971 365 4059 ἄρκτον
385 3976 542 4055 καρκίνον
565 3968 735 4056 πάγουρον
751 3973 819 4053 quia
840 3972 981 4035 similium
998 3971 1172 4049 ammodum
1187 3973 1304 4041 nullum

159 4076 344 4138 desideratur
358 4080 477 4154 praeter
491 4073 629 4136 earabum
650 4079 681 4133 et
701 4071 848 4151 squillam,
868 4079 948 4151 patet
963 4070 1083 4153 quidem
1099 4070 1129 4133 id
1144 4073 1226 4152 quod
1239 4090 1305 4139 nou

158 4173 274 4254 primus
299 4172 384 4234 video
410 4190 464 4252 pro
490 4166 631 4253 κόρακον
655 4170 865 4251 reponendum
891 4189 954 4232 esso
978 4166 1136 4252 κάραβον,
1163 4171 1305 4252 squilla·

159 4281 258 4335 auteur
273 4272 365 4335 latere
387 4269 523 4350 suspicor
548 4268 604 4332 sub
630 4263 742 4353 νύμφη
768 4269 890 4331 nomine
906 4268 1148 4348 quandoquidem
1173 4270 1307 4337 laminae

160 4372 308 4450 puellasve
323 4371 461 4435 sinuosae
476 4369 598 4433 sinuosa
613 4369 735 4434 bestiola
750 4368 854 4433 similis
876 4367 969 4433 videri
992 4367 1076 4433 facile
1096 4375 1247 4448 potuerat
