2924 5018
571 283 791 347 ..59-

109 461 230 535 leatvoe
253 461 360 541 (media
383 461 489 541 syllaba
512 460 603 522 huius
636 460 766 521 nominis
789 459 887 521 brevis
913 461 991 538 apud
1015 461 1119 521 Philan
1146 463 1250 541 Propr.

108 564 162 623 bu.
175 561 259 639 688).
299 560 442 638 Sequitur
464 566 562 620 eutem
582 559 772 620 Lachmanno
795 559 860 638 ipso
884 558 1005 620 iubente
1021 576 1118 638 neque
1133 559 1251 621 iniussu

106 679 196 720 sanae
212 658 334 720 rationis
358 667 391 719 ut
406 658 566 719 Halieutiea
582 675 645 718 uon
666 665 735 718 ante
750 657 917 718 Phaedrum
934 657 1128 737 Persiumque
1143 657 1252 736 scripta

107 777 172 818 esse
195 756 417 818 contendamus,

192 855 399 916 subnotentur
428 855 580 933 paneade
607 854 756 933 anaphora
786 854 898 933 poetica
927 853 1075 933 siquidem
1102 854 1134 915 iu
1164 873 1251 916 versu

110 954 168 1014 105
192 954 285 1034 qualis
308 953 435 1015 traditur
459 951 582 1031 lesipaia
603 970 758 1032 turpesque
777 956 852 1014 notia
874 955 991 1032 insipere
1013 962 1041 1013 et
1062 953 1117 1013 ulae
1140 952 1251 1032 aliqua-

107 1051 396 1113 tenusoliendimur
418 1051 506 1112 etiarn
529 1069 599 1112 voce
621 1062 656 1112 et.
700 1050 808 1112 Contra
832 1071 899 1112 eum
924 1070 957 1112 ea
974 1069 1060 1131 quam
1086 1068 1141 1112 nos
1163 1051 1250 1112 resti-

105 1150 219 1211 tuimus
241 1150 388 1211 sermonis
412 1150 505 1210 lorma
528 1150 700 1211 conseratur
722 1169 746 1210 e.
764 1167 791 1227 g.
808 1150 913 1228 Vergili
936 1156 1008 1211 Aen.
1024 1150 1063 1209 xl
1079 1149 1156 1210 641:

206 1262 475 1341 lugentemque
497 1261 613 1335 animis,
635 1262 825 1342 ingentem
849 1281 973 1343 corpore
995 1271 1024 1324 et
1047 1264 1136 1324 armis

207 1361 300 1422 Deieit
320 1361 523 1434 Herminium3

106 1478 138 1538 iu
172 1476 279 1556 quibus
309 1477 457 1556 anaphora
490 1483 553 1536 tota
587 1495 657 1537 voce
695 1495 747 1558 poe
787 1477 823 1537 ad
863 1477 1065 1539 antecedentia
1099 1477 1249 1556 adligatur.

106 1575 281 1656 Anaphorae
304 1584 403 1636 autem
425 1575 483 1636 boc
505 1593 657 1636 summum
681 1595 791 1636 munus
813 1584 871 1648 est,
894 1582 927 1636 ut
950 1576 1160 1656 particularum
1184 1594 1252 1654 gra-

106 1674 178 1735 tiam
201 1673 337 1753 scriptori
358 1672 453 1734 faciat.
499 1672 585 1745 Quod
613 1680 642 1733 et
670 1692 723 1753 per
749 1691 780 1734 se
810 1681 892 1752 patet
919 1681 948 1735 et
975 1675 1150 1754 perpulchre
1174 1694 1199 1733 e.
1223 1693 1250 1752 g.

107 1773 249 1834 Ovidiano
272 1773 337 1833 loco
360 1771 427 1832 Met.
450 1769 517 1831 Xlll
539 1760 599 1831 355
612 1789 676 1851 sqq.
699 1770 912 1832 illustrabitur:

553 1904 702 1978 peteret
723 1898 905 1959 moderatior
926 1883 999 1961 Aiax

206 1994 444 2079 Eurypilusque
467 1994 550 2057 ferox
574 1997 729 2075 claroque
752 1984 956 2060 Andraemone
980 2006 1067 2060 natus

206 2095 277 2157 Nec
298 2093 422 2156 minus
443 2094 623 2156 ldomeneus
646 2094 815 2174 patriaque
839 2105 954 2158 creatus
977 2096 1082 2158 eadem

206 2191 363 2266 Meriones,
386 2201 534 2271 peteret
557 2193 674 2253 maioris
696 2192 787 2254 frater
810 2193 937 2256 Atridae.

106 2322 209 2400 ltaque
231 2317 373 2398 praeclari
397 2335 499 2381 versus
521 2317 676 2395 Vergiliani
699 2318 887 2397 Propertiani
909 2319 1066 2382 Tibulliani
1088 2320 1228 2381 aliorum:

206 2417 380 2496 Regalisque
401 2434 523 2478 aceensa
546 2435 654 2488 comas,
678 2434 801 2479 accensa
823 2437 965 2481 coronam

208 2514 232 2574 0
255 2515 333 2576 dulci
355 2515 480 2576 iocunda
503 2514 575 2588 viro,
599 2514 726 2576 iocunda
747 2517 864 2595 parenti

206 2613 312 2676 Lectos
336 2613 427 2674 Caere
450 2613 540 2686 viros,
562 2614 655 2677 lectos
678 2615 807 2679 Cortona
829 2614 949 2694 superbi

207 2714 332 2775 Centum
355 2730 431 2791 quae
453 2712 549 2784 silvae,
572 2720 694 2775 eentum
718 2731 793 2792 quae
814 2713 937 2775 tlumina
959 2723 1080 2775 servant

205 2811 302 2891 Magni
325 2829 411 2890 saepe
435 2810 532 2884 duceS,
557 2812 657 2890 magni
679 2812 811 2887 cecidere
835 2812 952 2891 tyranni

207 2908 354 2971 Omnibus
376 2908 408 2968 in
430 2909 549 2990 templis
572 2917 700 2971 matrum
724 2910 842 2985 chorus,
865 2909 1004 2972 omuibus
1026 2930 1093 2973 arae

207 3007 295 3069 Lecto
318 3016 349 3067 te
371 3007 478 3080 solum,
502 3007 579 3069 lecto
600 3015 631 3069 te
655 3008 798 3089 deprecor
821 3028 881 3070 uno

206 3107 304 3167 Prima
326 3105 400 3184 petit
423 3122 485 3165 non
508 3105 554 3165 illa
578 3106 682 3177 virum,
706 3126 768 3171 nou
792 3107 840 3167 illa
862 3106 965 3186 pericli

102 3221 105 3224 ·
207 3205 241 3264 ui
263 3203 351 3283 patrii
374 3211 488 3265 servate
511 3203 644 3277 domum,
667 3212 780 3266 servate
802 3213 943 3286 nepotem
1033 3206 1034 3211 ’

206 3302 351 3363 Mirantur
374 3302 451 3362 dona
475 3302 598 3374 Aeneae,
623 3303 770 3364 mirantur
792 3303 887 3365 lulum

207 3401 309 3462 audiit
331 3408 360 3460 et
381 3399 495 3462 Triviae
517 3401 714 3477 lengehem,
738 3401 831 3462 audiit
853 3400 951 3462 omnis

129 3556 132 3560 a
207 3499 273 3560 Noli
294 3497 454 3569 nobilibus,
477 3498 539 3559 noli
562 3497 697 3559 conferre
717 3498 812 3560 beatis

207 3597 285 3658 Luce
308 3615 390 3658 sacra
412 3596 578 3676 requiescat
599 3597 722 3670 hamne,
745 3596 912 3678 requiescat
935 3599 1044 3658 arator·

207 3695 242 3756 lli
264 3695 361 3773 patrii,
384 3713 547 3774 purgarnus
572 3714 668 3774 agros,
691 3714 854 3776 purgamus
877 3703 1008 3775 agrestes

207 3792 286 3853 Haeo
309 3799 397 3853 urant
419 3810 538 3873 pueros,
555 3795 633 3854 baec
654 3803 744 3856 urrant
765 3795 875 3874 scripta
897 3795 1009 3874 puellas

207 3889 363 3951 Vobiscum
388 3899 434 3951 est
455 3891 533 3970 Iope,
557 3893 708 3955 vobiscum
731 3902 777 3954 est
799 3893 921 3955 candida
943 3892 1020 3972 Tyro

207 3988 337 4049 Verbera
359 3997 430 4050 sunt
451 4000 606 4070 praecepta
628 3991 724 4070 fugae,
748 4001 820 4054 sunt
841 3992 961 4053 verbera
983 3990 1059 4052 freni

207 4086 269 4148 lam
291 4087 369 4147 redit
391 4096 421 4149 et
442 4089 533 4167 virgo,
556 4090 685 4150 redeunt
707 4090 843 4153 Saturnia
865 4109 956 4169 regna

209 4185 296 4247 Venit
319 4193 349 4247 et
371 4185 471 4266 upilio,
494 4188 570 4249 tardi
593 4205 701 4249 venere
723 4189 844 4250 bubulci

109 4304 199 4377 atque
220 4297 306 4358 Ovidi
327 4297 436 4378 ipsius:
503 4343 506 4349 .

211 4396 277 4469 Quo
299 4414 440 4476 properas
462 4395 576 4476 ingrata
598 4395 677 4474 viris,
700 4397 814 4478 ingrata
835 4396 940 4478 puellis
