2924 5018
614 256 833 320 ..84-

155 434 298 515 pisciculo
322 434 445 514 legimus
471 466 513 477 -
538 438 590 496 aut
616 451 740 514 prorsus
765 432 893 495 absurdo
917 431 974 493 hoc
994 430 1107 493 dictum
1128 437 1174 491 est
1203 429 1242 491 de
1268 448 1305 490 eu

156 552 246 614 quem
260 533 370 595 scimus
386 531 512 595 audiisse
531 529 591 594 τὸν
605 527 910 614 πολογραφοίτατον
932 529 1038 593 autito
1053 536 1092 592 ut.
1100 525 1306 608 supplendum

158 639 239 694 esset
269 630 424 711 cogitando
455 625 476 692 o‘
504 630 570 693 τῶν
602 627 732 708 ίχθύων
760 631 808 692 vel
837 625 857 692 o‘
885 627 950 692 τύν
983 622 1072 712 ζῴων
1102 621 1243 690 πάντων
1269 623 1316 702 τύΙ

157 728 317 793 πλεῖστον
331 722 541 800 ἐξαναλώσας
555 746 617 807 eqs.
632 762 675 773 -·-
690 736 720 789 et
735 727 855 807 quidem
875 727 972 807 pisces
993 724 1072 787 iuter
1090 725 1147 786 ista
1169 723 1307 787 aniculis

155 830 255 908 plures
274 826 405 889 adfuisse
427 825 512 887 facile
527 826 563 887 ad
578 825 760 887 credendum
776 835 830 887 est.
867 825 980 887 Eodem
996 822 1025 885 id
1041 823 1153 885 ducere
1168 821 1307 889 videatur

157 928 236 1007 quod
260 926 350 987 etiam
365 924 510 987 omissum
524 944 541 986 a
557 925 719 1004 Chrysippo
735 925 846 1005 piscem
862 943 928 986 esse
944 921 1070 1002 scriptor
1090 926 1205 983 monet.
1245 920 1307 983 lam

155 1025 287 1106 primum
320 1043 355 1087 eo
386 1023 524 1133 pellimur
549 1029 583 1085 ut
610 1023 740 1104 Oppiani
770 1024 860 1087 etiam
889 1023 927 1084 de
955 1021 1093 1102 pinotera
1120 1038 1307 1085 consensum

158 1138 350 1203 quaeramus3
384 1122 436 1202 qui
462 1138 626 1185 cousensus
653 1122 722 1203 quia
748 1123 841 1184 latere
871 1140 933 1185 non
962 1120 1074 1203 poterit
1102 1118 1195 1185 rerba
1224 1118 1307 1183 nuda

157 1222 304 1301 adponam
328 1227 358 1282 et
381 1221 547 1283 Plutarchi.

259 1333 408 1428 ὁμὲν
369 1366 428 1409 ουν
448 1340 678 1427 πινοτήρας
700 1342 783 1429 ζῷόν
802 1342 872 1408 ἐστι
894 1334 1187 1427 καρκινῶδες’
1160 1354 1309 1427 ωςφασι

259 1443 315 1505 καὶ
340 1443 379 1531 τῇ
401 1445 482 1526 πίνη
503 1437 649 1517 σύνεστι,
677 1439 734 1505 καὶ
761 1440 1034 1526 πνλωρεττήν
1054 1436 1310 1525 κύγγηνπρα

256 1538 464 1623 καθήμενος,
503 1538 567 1604 dciv
596 1532 806 1623 ἀνεῳγμένην
834 1536 891 1603 καὶ
919 1536 1173 1623 διακεχηνυῖαν,
1211 1535 1309 1623 ἄχρι

258 1639 466 1722 προςπίση
493 1659 533 1700 τι
548 1638 623 1700 τῶν
643 1631 825 1720 ἁλωσίμων
844 1633 958 1712 αὐτοῖς
981 1636 1208 1718 ἰχθυδίων·
1235 1635 1311 1701 τότε

258 1734 297 1798 δὲ
321 1735 390 1818 τήν
415 1731 552 1816 σύρκα
573 1736 642 1818 τής
668 1738 791 1819 πίνης
815 1735 948 1800 δακών
970 1734 1208 1820 παροιςήλθεν,
1228 1732 1310 1819 'W

260 1831 500 1897 συνέκλεισε
526 1831 598 1916 τήν
628 1831 780 1914 κόγχην
812 1835 879 1897 καὶ
909 1834 1052 1908 κοινιὸς
1078 1834 1152 1918 την
1178 1830 1310 1920 ἄγραν

242 1929 370 2004 ἐντὸς
391 1934 538 2014 ίρκονς
559 1935 780 2015 γενομένην
802 1935 1086 1996 κατεσθίουσι.

162 2067 193 2121 et
215 2057 342 2140 Oppiani
358 2058 383 2120 ll
397 2076 424 2118 v
444 2056 502 2120 189
518 2076 598 2139 sqq.:

253 2167 435 2255 ’Όστρακον
457 2190 498 2233 αν
515 2170 645 2286 dodica
667 2193 691 2251 μ
694 2166 728 2233 ν
751 2166 818 2249 ἔχει
840 2166 1025 2247 πλύκαςᾙ
1007 2191 1044 2234 εν
1065 2158 1156 2233 di
1125 2148 1159 2233 οι
1184 2150 1287 2273 ἰχθύς

260 2269 383 2350 πίννη
408 2263 555 2332 ναιεταειΙ
578 2264 837 2350 κεκλημένος·
815 2292 835 2352 η
858 2266 919 2352 μὲν
941 2265 1163 2345 ύναλκιςη..

259 2358 377 2428 αλλ’·”
355 2388 420 2450 αρα
443 2361 476 2428 oi
500 2360 620 2438 ξννύν
646 2386 686 2426 τε
717 2363 846 2448 δόμον
868 2364 990 2450 ξονήν
1012 2389 1052 2430 τε
1073 2313 1310 2482 καλύπτρην

260 2485 446 2547 καρκίνος
468 2460 636 2538 ενναιει
660 2465 776 2546 φέρβει
800 2462 839 2526 δέ
859 2486 918 2545 τιν
941 2460 999 2549 ηύε
1021 2460 1198 2548 octaceoc
1242 2540 1245 2545 ¹

260 2583 304 2646 τω
339 2560 394 2624 καὶ
428 2558 687 2646 πιννοηύλαξ
719 2563 771 2639 lita
804 2562 892 2644 piscis
926 2564 1048 2645 dactylis
1081 2558 1309 2647 accomodatur)

635 2653 832 2744 κικλήσεται.
876 2656 992 2727 αλλ’”
973 2685 1036 2726 oce
1058 2656 1205 2743 κόχλον

261 2754 359 2836 ἰχθύς
381 2754 513 2820 todoat
499 2761 621 2841 ί,κηται
646 2751 720 2821 o‘d'
744 2752 783 2821 ού
807 2763 1013 2844 φρονίουσαν
1035 2752 1230 2853 αμύξύις
1298 2766 1302 2777 “

259 2847 436 2939 δήγματι
459 2850 620 2940 κερδαλέον
643 2859 764 2941 πίννην
785 2854 871 2923 ἕλεν·
905 2854 980 2943 ήδ
1003 2855 1162 2944 ύδύνησιν
1277 2932 1280 2937 ,

261 2951 435 3038 ὄστρακα
463 2953 787 3040 σομπλατύγησε
814 2954 881 3020 καὶ
904 2955 1077 3024 ἔνδοθεν
1105 2946 1310 3043 ίῳροίσατ

1077 3051 1148 3139 ἄγρ
1185 3077 1205 3120 ν
1301 3066 1304 3077 “

260 3143 357 3239 αύτῇ
378 3171 397 3210 τ
397 3142 526 3232 ἠδ’ζ
510 3171 655 3236 εταρω,
673 3148 889 3223 ξονύνθ”
867 3172 948 3237 αμα
963 3078 1308 3253 δείπνονίηλοντιο.

161 3276 269 3345 Contra
292 3270 522 3359 σπογγοτήραν
543 3276 709 3341 Aristotelis
736 3279 867 3343 abfuisse
892 3299 909 3343 a
935 3280 1099 3365 Chrysippo
1125 3246 1308 3352 Plautinus

159 3384 298 3441 testatur:
342 3393 380 3439 an
416 3375 473 3439 hoc
509 3376 589 3439 dices
618 3374 710 3440 fuisse
740 3397 793 3442 οιιι·
823 3379 911 3442 etiam
941 3378 977 3442 ah
1008 3380 1141 3461 Oppiano
1165 3388 1310 3461 praeter,-

160 3474 352 3539 mitteretur?
378 3475 453 3539 llliro
479 3477 569 3539 modo
593 3477 705 3541 lactum
726 3486 772 3541 est
787 3488 821 3542 ut
840 3479 925 3541 nobis
948 3497 1068 3560 quoque
1086 3479 1239 3560 pinoteras
1254 3479 1310 3547 ab·

159 3593 278 3638 sumere
302 3576 466 3657 plurimum
492 3578 650 3641 atramenti
677 3579 806 3641 deberet.
850 3578 993 3643 Novimus
1019 3578 1129 3643 librum
1155 3576 1309 3663 exturba

160 3674 409 3755 Chrysippeorum
422 3674 473 3756 qui
487 3675 621 3755 pisciculi
644 3677 830 3739 mentionem
856 3678 1061 3743 continuerint
1080 3677 1184 3743 saltem
1199 3693 1308 3752 annun

161 3770 297 3854 quintum
322 3771 431 3833 librum
456 3770 535 3854 περὶ
560 3772 619 3834 τού
645 3772 748 3836 καλοῦ
775 3773 831 3837 καὶ
858 3775 913 3858 τής
939 3771 1069 3859 ήύονής.
1112 3775 1194 3839 Haeo
1224 3774 1308 3843 euim

159 3871 330 3933 Athenaeus
343 3889 373 3949 p.
390 3869 467 3931 891>
491 3878 652 3952 postquam
678 3873 823 3953 Pamphili
849 3873 1092 3937 commemoravit
1117 3872 1155 3935 ds
1176 3871 1250 3953 ,pina
1276 3881 1310 3941 ol

159 3970 353 4052 pinophylace
367 3969 562 4033 sententiam:

261 4073 466 4164 Χρύσιππος
488 4077 522 4144 d’
545 4078 565 4145 o‘
583 4080 705 4156 Σολεύς
727 4080 763 4147 ἒν
786 4084 832 4168 τῷ
859 4085 1009 4167 πέμπτην·
1024 4082 1103 4165 περί
1123 4083 1183 4146 τού
1197 4081 1310 4149 satos

260 4180 390 4264 καὶτής
411 4177 564 4264 ήδονήςή
586 4185 703 4265 πίνη,
726 4186 820 4266 φησί,
849 4182 919 4246 καὶ
946 4176 965 4245 d
988 4178 1210 4266 πινοτήρης
1233 4200 1309 4255 σν,-

260 4280 380 4365 νεργύι
407 4276 615 4364 ἀλλήλοις,
644 4275 716 4345 κατ’
745 4275 900 4347 tatae-oo
921 4281 1090 4366 δυνάμενα
1118 4283 1309 4367 συμμένειν.

155 4432 158 4437 .
260 4373 280 4460 ή
307 4377 368 4460 μὲν
390 4373 448 4441 οὖν
475 4380 589 4462 πίνηι
609 4375 780 4465 ὄστρεόν
806 4379 908 4457 ἐστιν,
943 4376 963 4447 ὁ
997 4379 1044 4444 dd
1075 4375 1310 4467 πινοτήρης
