2924 5018
609 304 849 368 -116—

42 506 44 510 ’
160 482 222 554 Qua
256 499 398 560 pecorum
428 479 623 541 similitudine
656 479 725 540 inde
751 479 787 540 ab
810 478 966 540 Aristotele
988 477 1120 558 antiquis
1149 477 1306 540 notissima

159 579 232 658 pisci
265 579 354 641 etiam
382 596 490 640 nomen
513 575 620 660 μήρυξ
641 580 684 640 vel
707 574 809 659 βήρυξ
829 577 960 638 invaluit.
1005 577 1187 657 Sequuntur
1208 584 1306 639 autem

158 697 258 758 regem
282 677 451 757 aquaticum
474 677 493 738 ii
516 674 675 756 dequibus
690 677 783 738 valeat
806 675 876 737 illud
899 675 981 747 „Nos
997 691 1144 738 numerus
1168 679 1306 747 sumna“,

48 817 50 822 ·
159 777 370 856 fecundumque
386 794 476 855 quous
491 793 609 837 mucuue
626 776 798 855 lamiamque
815 778 971 854 amorisque
986 794 1012 834 v.
1030 774 1110 849 1203
1136 782 1232 854 atque
1252 772 1307 835 sub

159 875 257 936 hurbis
279 873 474 936 viridantibus
508 882 537 936 et
560 892 722 936 maenam
746 882 776 936 et
797 874 938 935 smarin
960 874 1093 934 babitare
1115 890 1152 934 ex
1178 871 1306 952 Oppiani

159 993 184 1034 v.
204 973 263 1035 108
279 981 365 1034 antea
380 971 587 1053 probavimus;
609 981 673 1034 arte
688 972 826 1052 componi
843 979 939 1033 autem
956 990 1021 1034 eam
1036 978 1165 1051 propter
1188 988 1305 1031 causam

158 1072 230 1134 haec
244 1072 304 1134 duo
320 1071 440 1133 nomina
456 1071 601 1143 adsolent,
624 1073 691 1152 quia
715 1088 788 1133 num
804 1071 882 1132 lorte
897 1071 943 1132 hie
959 1089 1038 1132 unus
1060 1078 1092 1131 et
1113 1068 1200 1131 idem
1221 1068 1306 1148 piscis

158 1178 236 1230 esset
269 1168 459 1232 dubitabatur
503 1169 701 1250 (Speusippus
735 1171 813 1249 apud
847 1170 951 1230 Athen.
973 1188 1003 1249 p.
1025 1167 1138 1240 atax,
1171 1167 1304 1229 indidem

160 1268 318 1348 Hesychius
351 1278 440 1348 atque
473 1269 564 1330 schol.
593 1269 667 1349 0pp.
696 1267 915 1347 llal.lll188).
965 1267 1141 1329 Fecundum
1179 1265 1305 1345 denique

158 1367 234 1429 sicut
257 1367 383 1446 piscium
406 1386 500 1447 genus
524 1367 583 1429 dici
605 1367 668 1428 lere
691 1386 784 1428 unum
807 1367 949 1446 quodque
970 1373 1105 1447 poterat,
1136 1364 1180 1426 ito
1204 1373 1303 1426 tamen

158 1466 309 1545 aptissime
331 1466 463 1546 pisciculi
492 1466 543 1527 isti
574 1465 685 1545 ubique
708 1484 828 1545 semper
850 1465 1021 1528 catervatim
1046 1471 1200 1543 vagantes.
1245 1463 1302 1525 lam

157 1583 226 1626 vero
260 1564 348 1627 etiam
383 1565 533 1627 lamiros
551 1564 752 1637 rarissimum
782 1580 892 1624 nornen
921 1573 1010 1644 atque
1037 1563 1084 1624 vix
1110 1561 1163 1624 ulli
1188 1570 1305 1643 practer

158 1664 213 1726 hos
246 1673 348 1744 poetas
382 1662 560 1726 celebratum
595 1671 625 1724 et
663 1663 727 1742 ipsc
771 1663 806 1724 ad
840 1678 944 1724 arenas
986 1661 1139 1742 pertinere
1178 1674 1304 1742 esseque

157 1762 261 1824 similis
284 1780 439 1824 menarum
461 1761 621 1841 pisciculus
654 1761 683 1821 in
708 1760 761 1822 alia
783 1760 849 1821 libri
876 1760 964 1822 huius
986 1768 1070 1840 parte
1091 1778 1121 1839 p.
1140 1760 1203 1820 177
1226 1759 1304 1821 dica·

157 1869 222 1933 tnr3
249 1880 331 1922 nunc
353 1861 388 1921 ad
411 1878 474 1920 rem
498 1859 707 1922 observandam
730 1858 910 1920 declinemus
931 1858 1164 1938 grammaticam.
1211 1860 1303 1939 Atque

157 1959 289 2038 primum
312 1958 442 2037 lomprus
464 1957 609 2037 scriptura
633 1957 784 2018 socordiae
806 1957 930 2019 Gesneri
958 1957 1098 2030 debetur;
1132 1965 1238 2019 tanam
1259 1957 1301 2036 ip·

158 2056 220 2116 sius
251 2066 357 2135 poetae
380 2055 479 2118 mente
508 2056 672 2118 inhaesisse
694 2073 765 2118 sane
788 2073 894 2116 sonum
919 2055 1033 2116 conicio
1059 2055 1219 2117 clausulae·
1235 2055 1304 2116 Vu-

157 2154 282 2230 gilianae
314 2155 403 2216 huius
438 2173 513 2235 quae
546 2155 609 2234 ipsa
633 2172 750 2234 quoque
773 2153 803 2214 in
827 2154 984 2215 nominum
1007 2153 1239 2215 enumeratione
1259 2152 1303 2215 in·

157 2253 284 2314 texitur:
308 2271 359 2314 uec
380 2271 440 2314 auu
460 2253 669 2333 Lamyrumque
690 2252 873 2332 Lamumque.
917 2253 991 2313 lnde
1014 2251 1092 2314 enim
1115 2252 1304 2332 aliquatenus

157 2351 319 2430 explicasse
342 2352 452 2424 videor,
482 2370 535 2414 cur
564 2352 683 2412 brevem
711 2352 840 2413 scribere
862 2360 948 2431 poeta
973 2351 1051 2412 vocis
1074 2351 1197 2412 luuuhos
1219 2350 1304 2431 sylla·

157 2449 225 2511 bam
259 2451 385 2530 primam
419 2468 510 2512 ausus
544 2451 596 2523 sit3
634 2460 711 2511 certe
746 2457 776 2511 et
798 2445 932 2529 λάρινος
961 2456 992 2511 et
1014 2445 1155 2532 icipapoc
1185 2447 1303 2529 longam

157 2547 301 2620 servabat,
334 2555 424 2628 atque
457 2568 491 2610 ex
525 2543 663 2629 λάριμος
690 2558 789 2609 ortum
812 2545 951 2630 λάμιρος
979 2548 1083 2609 eadem
1109 2547 1233 2609 ratione
1264 2555 1306 2609 cat

157 2666 215 2727 qua
248 2647 360 2708 Orolcn
392 2666 446 2727 pro
480 2646 571 2708 Oloro
603 2645 749 2708 vocabant
781 2655 812 2707 ct
840 2646 1025 2726 Menalippen
1051 2664 1106 2726 pro
1134 2645 1303 2727 Melanippa

157 2754 246 2826 atque
262 2744 384 2807 Ovidius
406 2746 476 2824 ipse,
500 2754 534 2807 ut
547 2745 674 2823 videtur,
697 2743 764 2806 Met.
781 2747 803 2804 V
821 2744 881 2806 128
904 2743 1068 2806 Menalcam
1084 2762 1140 2825 pro
1155 2743 1305 2807 bislaneo.

156 2845 253 2925 Atque
276 2844 381 2905 vellem
403 2843 564 2906 Halieutica
596 2845 652 2905 ista
688 2842 809 2922 legisset
840 2843 891 2923 qui
924 2842 1058 2904 inversae
1075 2842 1301 2906 'vocabulorum

64 2929 67 2934 ’
155 2943 379 3023 peregrinorum
402 2943 576 3022 quantitatis
612 2962 647 3004 ac
672 2959 829 3004 mensurae
856 2943 986 3023 exempla
1021 2942 1240 3021 circumspecta
1276 2942 1306 3003 in

157 3040 324 3102 christianis
347 3042 472 3102 maxime
494 3042 588 3121 poetis
611 3041 710 3103 latinis
733 3041 919 3104 observantia
952 3039 1138 3122 conquisivit,
1161 3039 1307 3103 111111101-

156 3140 253 3201 lerum
268 3138 334 3199 dico
348 3139 384 3200 de
399 3157 431 3201 re
447 3148 533 3201 metr.
549 3158 578 3219 p.
596 3138 657 3200 352
670 3157 734 3220 sqq.
771 3140 845 3201 Nam
867 3139 945 3200 sicut
959 3156 1076 3202 summa
1091 3154 1164 3201 sana
1185 3136 1305 3202 licentia

157 3245 263 3318 poetae
277 3237 440 3300 utebantur
454 3257 521 3301 cum
536 3239 627 3299 modo
638 3236 753 3299 Maride
769 3238 857 3299 modo
869 3236 1046 3309 Muce‘douau,
1061 3234 1306 3301 molossorum

157 3335 273 3417 italiam
288 3354 391 3434 Apuleia
406 3354 495 3416 modo
510 3353 625 3416 stulu
639 3336 731 3416 italus
747 3352 855 3437 Apulus
870 3354 1019 3427 efferrent,
1041 3351 1172 3432 scriptor
1182 3350 1305 3415 Halieu-

157 3452 284 3515 ticorum
301 3452 487 3533 chrysophius
502 3453 533 3515 in
556 3470 644 3514 versu
659 3469 772 3532 ponere
794 3452 850 3514 sibi
873 3452 1020 3514 concessit
1035 3452 1180 3533 producta
1195 3450 1305 3531 syllaba

156 3551 269 3621 ultima,
280 3568 348 3613 cum
361 3551 586 3613 tamenGraecis
598 3550 735 3613 omnibus
744 3550 1198 3632 dactylusbicpronuntiaretur3
1210 3568 1304 3631 quaa·

156 3666 214 3728 quc
236 3650 267 3711 in
290 3668 361 3712 voce
383 3650 508 3730 simplici
530 3645 635 3733 ὀφρύς
655 3649 739 3729 langa
761 3657 808 3712 est
823 3669 842 3712 v
857 3649 982 3712 breviari
994 3668 1059 3711 eam
1073 3649 1105 3711 in
1127 3650 1304 3730 compositis

156 3746 221 3826 lege
235 3756 372 3810 sanctum
387 3756 490 3829 postca
506 3748 543 3810 ab
558 3748 724 3811 herodiano
739 3756 798 3824 est3
820 3756 849 3811 at
873 3748 951 3810 enim
967 3747 1035 3829 quia
1050 3746 1146 3811 linitio
1168 3766 1204 3828 pa
1226 3748 1304 3830 apud

157 3843 275 3907 Latinos
288 3865 410 3928 prorsus
420 3846 638 3928 inexpectatum
655 3847 785 3910 eveniret
796 3848 820 3910 si
833 3847 1050 3920 extenderetur,
1062 3846 1154 3908 satius
1167 3844 1225 3909 erit
1235 3864 1302 3910 cae·

156 3962 241 4008 surae
256 3944 316 4007 vim
332 3944 483 4009 criminari
494 3944 727 4020 semiternariae‚
750 3945 833 4009 cuius
848 3944 931 4008 hiatu
946 3945 1074 4009 clausula
1090 3943 1220 4008 mambri
1235 3964 1303 4009 me-

155 4043 221 4106 trici
237 4042 315 4125 quod
331 4045 479 4108 antecedit
493 4045 533 4107 ita
550 4044 694 4125 excipitur
709 4045 793 4126 quasi
808 4044 915 4126 syllaba
930 4061 1038 4125 anceps
1054 4044 1101 4107 sit.
1128 4042 1207 4117 Quid
1222 4044 1303 4125 qn'ud

157 4161 181 4202 v.
202 4142 257 4203 101
272 4143 415 4224 pmupilus
426 4144 558 4224 dactylus
572 4143 752 4206 Graecorum
768 4142 919 4206 scanditur
929 4162 985 4224 pro
996 4139 1133 4205 bacchio!
1156 4140 1257 4224 Atque
1271 4142 1302 4205 in

155 4239 212 4301 boc
227 4241 346 4322 quidem
363 4243 498 4323 exemplo
514 4242 581 4323 quis
596 4259 659 4305 non
675 4240 733 4303 vim
749 4250 888 4321 agnoscet
903 4248 1042 4303 accentus
1057 4240 1154 4320 graeci
1165 4274 1209 4287 -
1224 4242 1304 4305 acci·

157 4339 266 4401 nebant
282 4339 391 4401 seilicet
409 4337 579 4422 πομπίλος
594 4377 635 4383 -
651 4360 707 4420 qua
724 4341 826 4401 eadem
845 4340 870 4401 vi
887 4350 917 4402 et
932 4337 1079 4422 Βηλίδης
1099 4356 1153 4420 pro
1169 4342 1302 4405 molosso

155 4445 260 4515 poetae
280 4437 413 4519 accipere
436 4438 638 4501 invitabantur
665 4447 695 4500 et
713 4437 944 4521 Auxoupyldqc
964 4458 1017 4519 pro
1033 4439 1301 4520 proceleusmatico

157 4533 254 4611 t0vidi
269 4535 310 4596 lb.
326 4534 417 4615 5111);
437 4536 570 4620 salsoque
584 4538 652 4600 ideo
668 4537 787 4618 scripsit
801 4536 959 4599 Muellerus
973 4556 1003 4618 p.
1021 4536 1082 4599 356
1097 4536 1302 4601 inversionem
