2924 5018
615 238 953 358 --99--ἱ

156 469 314 550 conposuit
336 470 517 532 Petersenus
534 470 643 532 Philus.
660 471 763 550 Chrys.
779 470 985 532 Fundamenta
1005 488 1034 549 p.
1054 470 1184 550 145sqq.
1219 470 1302 542 Quae

154 586 202 630 res
226 577 260 630 nt
281 576 327 631 est
342 568 486 643 intricata,
509 570 549 631 ite
571 578 672 631 temen
689 569 864 631 divisionem
881 587 956 649 quae
978 577 1024 630 est
1045 569 1123 630 inter
1145 564 1251 645 elbora
1272 578 1303 631 et

155 663 272 745 λογικά
303 669 369 729 luce
391 668 517 730 lucidius
540 676 586 729 est
616 684 679 730 nou
701 667 880 748 pertinuisse
903 668 938 728 ad
961 675 1058 729 totum
1081 668 1228 728 muudum
1250 669 1301 729 sed

89 763 90 766 ’
156 767 192 827 ad
215 766 380 846 superioris
402 775 518 828 tantum
542 767 693 828 divisionis
716 775 840 847 partem,
864 768 921 827 hoc
943 773 988 827 est
1011 767 1046 827 ad
1069 756 1215 848 ἔμψυχα.
1258 767 1303 828 lta

156 863 237 925 enim
261 865 396 928 divisisse
417 867 545 928 videtur:

697 1197 737 1268 ὅν
859 1201 904 1287 μὴ
927 1200 966 1267 ὄν

633 1309 833 1498 σωλμοιΧ
830 1409 1010 1499 ἀσώματον

592 1519 818 1617 f&

559 1621 711 1709 ἔμψυχον
796 1618 930 1712 ἄψυχον
945 1622 1047 1711 (φυτά
1069 1624 1180 1702 λίθοι)

534 1727 758 1815 ΚΧ

501 1831 635 1913 λογικόν
753 1833 875 1915 ἄλογον
890 1837 1021 1920 (θηρία)

358 1937 772 2127 ἅθάνατίῖητός
853 2003 855 2008 V

324 2144 368 2205 vel
385 2135 564 2226 ἄφθαρτος
601 2145 647 2204 vel
662 2142 814 2228 φθαρτός

392 2243 497 2322 (θεοί)
603 2240 809 2326 (ἄνθρωποι)

157 2396 259 2476 ltaque
275 2393 432 2456 corruebat
448 2394 551 2456 divisio
565 2393 622 2455 nisi
635 2395 704 2475 quid
717 2395 925 2456 inveniebatur
936 2390 1086 2478 ἔμψυχον
1097 2389 1226 2470 ἄλογον.
1251 2392 1303 2452 ht-

157 2515 214 2575 que
231 2501 331 2557 contra
348 2495 444 2555 dicere
457 2493 630 2556 Plutarchus
645 2494 675 2555 id
690 2502 808 2556 tentum
825 2493 949 2555 debebat
965 2500 1015 2555 aut
1031 2492 1153 2554 omnino
1170 2492 1305 2553 dividen-

158 2595 229 2656 dum
253 2612 314 2655 uon
337 2612 401 2654 esse
425 2600 476 2653 aut
498 2610 585 2672 posse
608 2591 696 2654 etiam
725 2591 805 2654 aliud
832 2593 923 2654 statui
949 2593 1130 2672 principium
1153 2590 1303 2652 divisionis
1330 2599 1336 2605 ”

155 2698 275 2774 praeter
303 2691 458 2754 rationem.
504 2691 708 2753 Volkmanuus
736 2690 835 2753 Lebeu
866 2711 896 2754 u.
920 2690 1073 2753 Schriften
1102 2692 1153 2753 des
1176 2690 1254 2751 Plut.
1279 2689 1304 2749 ll

154 2790 248 2873 pa82
272 2790 382 2852 referre
411 2789 582 2851 Plutarchea
613 2790 686 2851 satis
715 2790 827 2852 habuit.
872 2789 1004 2871 [lenique
1037 2790 1069 2850 in
1102 2788 1174 2870 ipsis
1207 2787 1304 2848 verbis

155 2889 309 2970 Chrysippi
326 2896 394 2970 post
409 2881 585 2968 ἀσώματον
600 2887 833 2950 interciderunt:
857 2887 913 2950 καὶ
929 2889 974 2972 τῷ
990 2881 1129 2972 ἐμψύχῳ
1152 2885 1189 2949 τὸ
1213 2881 1302 2970 ἄψυ-

153 3007 223 3066 χον,
245 2972 274 3047 id
297 2987 377 3067 quod
400 3007 448 3048 me
471 2987 566 3049 iudice
588 2987 652 3068 ipsa
674 2989 777 3050 fraude
801 2986 949 3050 Plutarchi
970 2990 1081 3049 fectum
1105 2992 1159 3046 est.

240 3086 336 3165 mque
351 3084 410 3146 iam
433 3087 559 3166 temperi
575 3071 813 3151 Halicuticorum¹
827 3105 946 3168 quoquc
968 3085 1130 3147 latinorum
1147 3083 1226 3144 unde
1249 3082 1303 3143 de-

155 3185 235 3247 llexit
265 3203 364 3246 sermo
399 3186 574 3247 memoriam
608 3188 826 3267 replicabimus.
872 3187 993 3248 Constat
1022 3185 1101 3246 iuter
1124 3200 1230 3245 omnes
1251 3182 1303 3243 ubi

155 3284 286 3346 mundus
309 3284 402 3364 ipsius
425 3285 469 3345 dei
493 3285 604 3346 levisve
634 3286 695 3346 vice
726 3287 864 3366 iungatur
892 3283 1109 3364 agnoscendam
1133 3280 1303 3341 Stoicorum

154 3381 320 3443 doctrinam
354 3400 427 3443 esse.
472 3383 573 3463 lpsum
597 3383 794 3464 Chrysippum
824 3402 943 3464 quoque
978 3381 1123 3442 mundum
1156 3394 1212 3457 pro
1246 3378 1301 3437 deo

155 3480 293 3542 habuisse
313 3481 415 3542 Cicero
438 3482 521 3543 testis
544 3483 576 3543 in
598 3481 674 3543 libro
698 3472 796 3542 modo
810 3481 953 3561 explicato
976 3477 1242 3558 locupletissimum
1266 3476 1302 3535 cl.

155 3581 243 3641 etiam
266 3579 333 3640 libri
348 3581 360 3640 l
374 3585 394 3654 ᾗ
411 3580 450 3641 39
474 3590 561 3661 atque
584 3581 749 3643 Philodemi
772 3579 850 3663 περὶ
866 3574 972 3659 ciceri.
989 3599 1017 3659 p.
1035 3576 1075 3639 82
1092 3576 1208 3656 Gomp.‚
1233 3575 1301 3635 Sto-

154 3678 367 3740 baeumldld
402 3689 432 3740 et
458 3699 532 3760 quae
557 3680 724 3742 doctissimo
758 3681 918 3760 disputavit
947 3677 1071 3741 Krische
1101 3675 1221 3737 Forsch.
1253 3675 1301 3735 alt.

155 3778 229 3838 Phil.
252 3797 281 3858 p.
306 3777 367 3839 452
384 3798 438 3860 sep,
462 3779 533 3840 424.
579 3780 640 3842 lam
663 3799 732 3842 vero
755 3790 842 3862 poeta
875 3780 984 3842 latinus
1011 3787 1044 3840 ut
1067 3777 1194 3839 casulam
1218 3793 1303 3835 suam

154 3876 341 3956 piscatoriam
374 3878 531 3956 grandiore
561 3880 704 3941 vestibulo
738 3888 901 3953 exornaret,
934 3879 1014 3941 hune
1048 3877 1080 3938 iu
1114 3875 1236 3937 modum
1271 3873 1301 3932 iu

154 3997 181 4038 v.
208 3977 222 4037 1
247 3977 435 4056 sequendum
459 3978 655 4058 Chrysippum
679 3979 774 4041 duxit:

255 4092 374 4173 Accepit
397 4095 528 4156 mundus
550 4093 656 4174 legem,
679 4095 760 4158 dedit
780 4113 861 4157 arina
882 4115 937 4175 per
958 4112 1062 4158 omnes

254 4191 477 4272 Admonuitque
499 4193 555 4255 sni.

155 4323 258 4388 'l'rium
274 4327 432 4389 notionum
449 4327 531 4388 verbi
547 4324 670 4410 κόσμος
686 4327 795 4408 (Laert.
812 4330 892 4409 [ling.
910 4330 959 4392 llll
979 4327 1037 4389 137
1050 4329 1108 4405 sq.)
1125 4323 1218 4404 prima
1234 4327 1304 4383 tan-

154 4433 219 4487 tum
243 4426 294 4487 illa
314 4427 345 4487 in
368 4438 506 4489 nostrum
530 4428 626 4489 locum
650 4429 776 4508 quadret
801 4437 833 4490 ut
855 4430 928 4490 deus
952 4428 990 4488 sit
1012 4422 1093 4488 καθ’
1115 4419 1153 4486 ὃν
1178 4419 1197 4505 ἡ
1224 4420 1301 4484 δια-

1105 4527 1143 4582 7*
