2924 5018
620 259 842 327 ..31-

259 440 317 502 Per
337 456 426 502 senos
447 438 559 502 circum
583 457 678 519 usque
701 438 786 501 sinus
808 438 971 519 laqueabis,
993 445 1027 500 ut
1049 456 1170 503 omnem
1233 431 1236 434 ⁴

257 539 411 618 Concipiet
431 546 515 618 tergo
537 539 562 600 si
584 538 741 619 quisquam
764 547 810 600 cst
832 538 978 619 plurimus
1000 539 1130 602 hostem.

156 665 199 727 lta
229 667 261 728 in
289 687 316 729 r.
339 667 380 728 28
410 667 573 728 Parisinam
603 665 808 729 membranam
838 675 1007 748 sequuntur
1034 666 1094 729 nisi
1123 669 1202 748 quod
1234 668 1304 730 baec

158 765 247 826 etiam
263 766 445 828 concordans
468 784 535 827 curu
550 765 676 828 Vindob.
697 782 753 846 pro
774 766 865 828 taedio
886 766 1004 828 exbibet
1022 759 1168 829 memedio.
1197 768 1303 829 Videa-

157 881 225 925 mus
251 862 530 943 interpretationem
557 863 672 942 quolem
688 862 794 925 Ulitius
811 865 1030 927 Wernsdorfius
1053 865 1191 926 Sternius
1217 884 1304 928 oura-

157 969 275 1022 verunt.
319 961 411 1023 linea
436 961 580 1037 efficitur,
610 962 635 1022 si
662 961 746 1023 limbi
767 971 913 1040 quattuor
938 963 1022 1025 tenui
1049 964 1097 1025 ulo
1123 964 1216 1026 iuneti
1241 972 1305 1026 tor·

157 1067 287 1139 quentur
303 1067 333 1121 et
347 1060 581 1138 adstringuntur.
612 1059 690 1121 llaec
703 1059 782 1121 linea
797 1068 842 1122 est
856 1054 877 1122 o‘
892 1055 1105 1145 περίδρομος.
1135 1063 1197 1124 lam
1218 1063 1305 1124 audi:

156 1157 234 1219 Eum
256 1176 370 1220 cassem
386 1159 437 1238 qui
458 1158 495 1220 ab
516 1159 566 1219 illo
585 1159 754 1238 peridrome
770 1160 902 1222 nascitur
923 1162 1020 1222 medio
1043 1180 1108 1222 ore
1123 1157 1175 1241 (l),
1200 1161 1231 1222 id
1258 1168 1304 1223 est

156 1275 173 1318 u
202 1256 298 1318 media
316 1265 407 1337 vparte
432 1256 593 1337 peridromi
618 1256 670 1336 (.),
702 1265 822 1337 oportet
850 1257 1100 1340 obcumlaqueere
1129 1277 1183 1338 per
1212 1278 1304 1321 senos

156 1354 241 1417 sinus
267 1356 312 1416 vel
341 1353 511 1434 segmenta!
556 1356 601 1417 Os
631 1355 687 1416 boc
715 1356 785 1434 quid
815 1356 872 1417 sibi
901 1356 971 1418 volit
998 1357 1170 1436 intellegere
1199 1374 1305 1419 vereor

156 1459 191 1514 ut
214 1453 411 1533 intellegentia
431 1453 659 1534 prudentiorum
679 1453 814 1516 sufficiet.
850 1456 888 1515 nt
910 1455 1048 1517 novimus
1062 1455 1233 1534 peridrome
1255 1475 1305 1517 or-

156 1550 225 1613 bem
246 1551 337 1626 ellici3
358 1551 457 1632 itaque
479 1551 545 1614 orte
567 1551 750 1614 substituere
774 1552 893 1617 lestiua.
938 1557 1036 1633 Atque
1057 1553 1117 1624 iam
1137 1554 1305 1634 acquiescat

156 1649 224 1729 quis
236 1649 363 1711 forsitan
382 1648 416 1711 in
426 1648 564 1721 ⁴Parisina
585 1649 726 1722 lectione:
752 1650 849 1725 „Tum
872 1652 971 1733 ipsum
993 1669 1108 1715 cassem
1131 1651 1184 1732 qui
1206 1651 1303 1725 medio

155 1747 253 1811 lineae
274 1747 347 1811 orbe
372 1747 504 1819 nascitur
534 1747 819 1829 circumlaqueahis“
844 1769 905 1830 eqs.
951 1750 1008 1811 Sed
1035 1750 1107 1812 baec
1134 1769 1170 1812 ex
1191 1749 1303 1824 Vindo-

156 1845 284 1913 bouensi
304 1846 438 1911 restituta
462 1847 528 1926 quis
550 1864 611 1913 non
634 1855 664 1909 et
685 1847 866 1924 elegantiora
896 1865 961 1910 esse
984 1855 1014 1909 et
1039 1847 1155 1912 veriora
1178 1848 1303 1915 sentiet:

257 1956 343 2020 Tunc
361 1957 462 2037 ipsum
484 1977 502 2020 e
525 1957 622 2032 medio
645 1976 768 2031 cassem,
792 1978 862 2038 quo
885 1959 1024 2038 nascitur,
1048 1960 1139 2031 orbe
1205 1998 1208 2004 ,

165 2086 168 2091 ,
257 2055 315 2119 Per
335 2074 427 2120 senos
449 2056 560 2119 circum
582 2074 676 2137 usque
697 2055 782 2119 sinus
805 2056 953 2137 laqueabis
968 2077 1032 2140 eqs.

156 2179 432 2262 Circumlaqueatur
465 2181 599 2244 cussise
634 2181 732 2242 medlo
762 2181 948 2261 peridrome,
983 2181 1033 2244 ubi
1066 2183 1130 2263 ipse
1162 2183 1303 2255 nascitur,

155 2295 252 2359 usque
274 2279 526 2360 adperidronrum
542 2296 596 2360 per
610 2280 815 2354 senossinus3
837 2267 925 2361 atque
947 2281 986 2343 ita
1007 2288 1150 2361 tergum
1166 2280 1217 2359 (cl.
1232 2283 1305 2345 Ver·

157 2376 208 2458 gili
223 2379 294 2439 Aen.
309 2378 336 2438 X
352 2377 428 2459 784)
451 2377 579 2441 officitur
600 2379 647 2440 vel
670 2373 690 2441 ὁ
716 2372 929 2462 κεκρύφαλος.

243 2477 283 2539 Ut
317 2494 386 2539 vero
422 2477 652 2540 Halieutioorum
690 2476 864 2540 memoriam
900 2477 1076 2540 resuscitem
1110 2475 1303 2540 lleinsienum

149 2574 229 2637 illud
244 2579 272 2637 si
282 2576 358 2656 [orte
374 2575 484 2657 eliquit,
502 2576 569 2638 dum
582 2585 746 2656 praenotat,
762 2585 861 2639 croto.
876 2621 882 2636 .
897 2621 904 2636 .
919 2562 955 2637 dt⁴
965 2579 1070 2638 simiae
1084 2577 1163 2646 uidit,
1179 2576 1304 2655 praebet

157 2673 247 2735 etiam
277 2674 356 2755 quod
388 2660 507 2754 carpas3
542 2674 631 2736 nimis
661 2676 742 2737 enim
774 2674 848 2735 illud
877 2683 957 2736 orato
984 2677 1090 2735 vimine
1120 2662 1304 2749 distractum,

157 2778 246 2852 atque
267 2773 303 2834 de
318 2783 474 2853 praesuret
497 2778 532 2834 ut
558 2773 593 2833 ad
610 2772 686 2833 Plini
700 2772 740 2833 lX
759 2772 818 2834 146
845 2780 874 2834 et
899 2773 936 2835 ad
962 2771 1189 2852 praenavigendi
1215 2762 1304 2833 usum

158 2871 323 2945 mittamur,
349 2879 450 2934 tamen
477 2872 577 2933 minus
604 2872 673 2933 dum
691 2879 846 2952 moenum
871 2888 959 2952 mam
983 2874 1034 2952 qui
1046 2869 1240 2951 prueuotubct
1258 2869 1304 2930 di-

156 2968 284 3030 uendum
300 2968 363 3032 luit
396 2968 489 3031 Porro
505 2969 574 3030 dum
588 2970 706 3050 planam
722 2971 857 3032 voculam
873 2969 980 3032 abiisse
1002 2969 1123 3031 indum
1136 2986 1198 3030 non
1213 2967 1304 3056 nimis

155 3068 218 3130 reri
233 3068 339 3142 simile,
363 3069 492 3149 denique
507 3078 622 3131 saturet
636 3069 716 3149 quod
739 3068 866 3131 traditur
882 3075 978 3130 metro
1001 3069 1131 3131 clausula
1153 3066 1306 3149 aptissima

156 3173 213 3231 est.
244 3164 492 3229 Proficiscendur'n
516 3174 561 3228 est
583 3165 619 3229 ab
636 3167 754 3248 ‚aliquit
785 3168 899 3247 Nempe
921 3168 973 3248 qui
995 3167 1032 3230 ed
1053 3185 1170 3229 scarum
1187 3165 1307 3228 accedet

156 3284 220 3330 non
243 3265 377 3345 aliquis
399 3283 502 3327 scarus
520 3265 589 3339 erit,
610 3266 663 3327 sed
685 3265 788 3327 alius.
825 3266 888 3328 Hoc
910 3285 967 3328 usu
989 3266 1131 3329 doeemur
1152 3263 1305 3344 loquendi,

155 3365 300 3428 docemur
320 3363 447 3427 etiam'a
469 3362 565 3429 Plinio
580 3363 639 3444 qui
660 3363 759 3427 locum
782 3373 921 3429 nostrum
943 3364 992 3426 vita
1019 3361 1180 3444 expressit:
1204 3376 1305 3449 „quem

155 3464 383 3527 nantoniacus
405 3462 431 3524 si
453 3462 530 3525 forte
552 3462 626 3527 alius
646 3481 747 3527 scarus
769 3466 946 3527 caramtocus
968 3461 1100 3536 rideat“;
1124 3479 1222 3542 neque
1237 3478 1306 3529 nou

156 3561 204 3625 ‘eb-
223 3561 358 3642 Oppiano
384 3561 435 3640 qui
461 3559 560 3625 habet:
587 3556 730 3641 πολλάκι
757 3558 795 3622 dd
815 3604 824 3622 .
842 3605 850 3620 .
867 3605 876 3621 .
896 3550 996 3643 οὐρὴν
1022 3555 1139 3632 ἄλλος
1165 3554 1305 3643 ipsaque.

156 3661 254 3741 Atque
288 3659 331 3722 sic
358 3658 451 3723 nactis
471 3659 566 3723 nobis
593 3659 674 3721 unde
695 3659 824 3739 pendeat
855 3666 972 3723 emeret
997 3658 1033 3721 ad
1067 3657 1305 3727 emendationem

153 3758 226 3821 ‘talis
248 3765 369 3837 paratus
391 3775 494 3821 versus
516 3764 577 3820 est:
1104 3790 1106 3796 ·

157 3909 162 3919 ·
257 3865 447 3940 Quinetiam
471 3868 496 3929 si
516 3868 594 3930 forte
615 3867 690 3929 alius
713 3866 764 3948 qui
786 3867 910 3948 dampro
934 3874 1060 3930 nataret.

158 3979 324 4041 lnferamus
349 3978 440 4052 Plini,
466 3979 576 4060 inquis,
604 3984 793 4051 entmuseeuo,
822 3980 972 4042 Plutarchi
994 3976 1140 4053 ἔξωθεν,
1169 3974 1306 4040 ἔκτοθεν

159 4078 297 4159 Oppiani.
336 4079 467 4140 Frustra.
510 4078 556 4141 An
577 4079 700 4141 subesse
724 4079 839 4142 credas:
861 4083 911 4161 qui
931 4081 969 4142 od
990 4088 1048 4140 rete
1069 4080 1180 4139 uetaret
1199 4076 1246 4137 vel
1268 4075 1307 4136 ud

158 4177 287 4240 elaustro
319 4178 366 4239 vol
399 4177 437 4239 od
469 4178 630 4258 quodquod
658 4178 738 4240 voles
765 4186 817 4241 aut
843 4179 972 4260 denique
999 4182 1050 4259 qui
1070 4181 1148 4256 pdue
1173 4170 1306 4236 autaut?

156 4278 261 4358 ltaque
284 4282 368 4341 caute
391 4282 525 4356 agamus,
545 4275 665 4356 vestigia
686 4277 851 4342 litterarum
873 4287 1057 4358 premamus.
1102 4275 1203 4337 Unum
1226 4273 1305 4352 quod

156 4375 303 4456 scriptum
325 4375 396 4439 olim
418 4375 512 4439 luisse
532 4393 593 4439 non
612 4384 785 4459 potest-pro
807 4375 916 4458 sylsba
937 4383 999 4453 csta
1022 4390 1117 4441 uuum
1139 4373 1202 4439 fere
1224 4372 1306 4437 unde

210 4475 301 4528 Birt,
322 4473 352 4520 de
365 4473 510 4521 heneutieu.
1127 4477 1143 4531 6
