2924 5018
608 283 850 347 -tlt-

156 477 185 537 p.
202 457 302 520 5998
319 457 358 519 32
386 459 466 537 quod
493 458 662 520 iterandum
683 459 837 538 Oppianus
858 477 918 520 uon
946 458 1045 530 dunit3
1073 458 1169 520 lateus
1196 456 1306 537 quippe

155 556 217 616 dies
232 560 293 617 lere
313 557 464 636 sexaginta
480 557 629 619 caniculae
645 558 727 618 sidus
742 565 773 618 et
788 557 896 619 rabiosi
912 566 1045 635 tempora
1061 555 1136 636 signi
1150 555 1305 634 fugitabat,

156 654 243 716 sicuti
269 654 384 716 Plinius
399 655 439 716 lx
454 655 495 717 58
516 655 603 718 rerba
623 655 788 718 Aristotelis
814 664 954 736 repetens
984 655 1019 716 ad
1046 654 1184 732 glaucum
1211 655 1301 717 etiam

155 753 239 815 siluri
266 754 448 815 mentionem
475 754 605 817 adnectit
631 755 682 834 qui
708 753 857 816 caniculae
883 764 950 816 ortu
975 755 1135 825 sidenorum
1168 754 1305 815 similiter

155 851 275 930 triginta
300 852 362 914 dies
384 853 478 914 latent
493 849 637 934 ’κήρυκες
663 855 753 916 Arist.
769 874 797 935 p.
814 853 876 916 599
903 861 933 914 et
955 847 1022 916 ύπό
1053 847 1135 914 κύνα
1156 871 1305 932 purpurae

153 951 262 1011 Athen.
279 968 308 1029 p.
326 949 367 1012 89
378 951 411 1011 Β.

241 1049 378 1129 Helops
393 1051 542 1129 pretiosus
557 1060 679 1114 vocatur
690 1052 753 1114 Hel.
767 1051 818 1125 96,
834 1053 915 1114 velut
931 1051 990 1112 iam
1004 1051 1081 1130 apud
1093 1049 1305 1130 Epicharmuru

157 1144 383 1228 πολυτίματος
395 1148 514 1228 (Athen.
527 1148 588 1210 282
601 1149 654 1225 9);
670 1169 753 1212 scaro
771 1151 850 1213 enim
867 1150 925 1230 ipsi
938 1149 1177 1228 anteponebatur
1193 1149 1306 1229 (Xeno-

155 1247 382 1326 erat.eap.10)
405 1247 587 1328 dabaturque
609 1248 636 1309 ei
659 1249 755 1328 palme
779 1250 893 1329 saporis
912 1247 1231 1327 (Ptin.xxxt1151);
1254 1250 1304 1310 sed

155 1345 231 1407 Plini
245 1345 306 1408 lere
317 1352 413 1408 aetate
425 1346 479 1419 (tx
493 1347 566 1426 169)
577 1348 726 1427 pretiosus
742 1348 833 1410 luisse
846 1366 906 1409 non
922 1347 1035 1409 videtur
1051 1347 1108 1408 nisi
1120 1347 1302 1421 Rhodiacus3

157 1443 215 1505 hoe
240 1443 330 1520 igitur
358 1451 403 1506 est
429 1464 482 1506 cur
503 1446 629 1507 maxime
651 1446 741 1508 falsus
758 1447 879 1509 Ovidius
904 1450 1012 1509 uostris
1037 1450 1195 1525 insepultus
1219 1447 1313 1522 uadis,

155 1542 316 1614 addiderit,
339 1561 409 1604 uam
431 1544 590 1606 Columella
613 1563 734 1625 quoque
757 1564 820 1625 cap.
839 1546 887 1619 16,
904 1543 939 1607 9:
974 1565 1033 1608 aeon
1062 1548 1136 1607 enim
1167 1549 1199 1606 ιἰι
1229 1549 1308 1606 ouant
1339 1622 1342 1628 Ι

155 1641 254 1720 inquit
278 1644 356 1702 mori
376 1652 467 1721 potest
493 1647 585 1704 ornate
609 1661 667 1704 esse
688 1654 721 1705 ot
735 1643 830 1725 helops
846 1647 896 1724 pue·
908 1644 1067 1723 Pamphilio
1085 1643 1237 1723 profundo
1253 1661 1304 1703 aec

154 1740 214 1801 olio
233 1742 376 1819 poscitum
398 1749 428 1802 at
449 1748 553 1803 eontra
568 1741 778 1805 Archestratus
801 1743 870 1803 olim
895 1741 1006 1804 clarum
1028 1741 1154 1804 habehat
1176 1750 1206 1803 et
1227 1740 1304 1820 apud
1412 1788 1414 1793 .

156 1839 275 1900 Cretam
304 1839 494 1919 reliquasque
522 1840 636 1902 insulas
662 1828 693 1901 et
718 1841 871 1921 Syracusis
903 1849 1038 1921 captum3
1075 1841 1193 1920 scripsit
1223 1839 1304 1900 euim

156 1938 274 2013 (Athen.
292 1935 354 1998 300
367 1937 402 2014 E)
416 1938 457 2000 ita
473 1939 549 2000 fere:

257 2081 315 2146 τὸν
337 2079 371 2146 d’
395 2079 491 2147 ἔλοπ’
513 2082 597 2147 ἔσθε
618 2082 766 2168 μάλιστα
787 2081 1015 2168 Συρακούσαις
1037 2083 1086 2150 ἐνὶ
1110 2084 1255 2158 κλειναῖς

256 2177 372 2260 τόνγε
395 2179 663 2264 κρατιστεύονθλ·
687 2175 781 2256 οὗτος
796 2181 860 2266 γὰρ
884 2179 926 2246 αὖ
949 2181 1039 2248 ἐστιν
1061 2181 1194 2246 ἐκεῖθεν

257 2277 316 2364 τήν
338 2275 439 2364 ἀρχὴν
460 2281 612 2359 γεγονώς,
636 2278 764 2344 ἔνθεν
786 2279 847 2345 κᾶν
869 2279 888 2365 ἢ
912 2281 990 2367 περὶ
1012 2276 1131 2365 νήσους

257 2374 277 2463 ἢ
300 2377 377 2461 περὶ
400 2374 461 2462 τήν
483 2376 585 2463 ἄλλην
608 2399 673 2442 που
697 2371 766 2464 ἁλῷ
788 2381 849 2463 γῆν
870 2377 891 2462 ἢ
913 2380 990 2464 περὶ
1018 2377 1156 2464 Κρήτην,

257 2474 378 2551 λεπτός
400 2475 455 2539 καὶ
478 2477 608 2562 στερεὸς
629 2477 685 2540 καὶ
709 2475 923 2564 κυματοπλὴξ
943 2475 1150 2564 ἀφικνεῖται,

158 2627 215 2689 ubi-
229 2622 331 2690 ἔνθεν
351 2627 531 2708 interpretor
553 2639 735 2709 quopropter.
781 2629 917 2692 Surrenti
947 2629 1040 2707 magis
1069 2637 1172 2708 captus
1202 2626 1304 2705 helops

157 2725 255 2789 Ennio
269 2727 412 2806 placebat.
445 2726 561 2788 Adsunt
583 2728 673 2788 etiam
688 2728 765 2807 apud
781 2728 951 2789 Marcellum
974 2724 1092 2800 ἔλοπες
1107 2747 1133 2787 r.
1153 2726 1201 2798 12,
1223 2732 1253 2786 at
1268 2724 1304 2784 ab

157 2823 291 2904 Oppiano
313 2824 504 2897 omittuntur,
527 2825 578 2904 qui
599 2826 699 2906 potius
713 2826 808 2906 pisces
824 2843 929 2887 omues
944 2826 1029 2888 docta
1049 2824 1167 2905 loquela
1182 2819 1305 2892 ἔλοπας

157 2931 241 2985 vocat
256 2922 284 2984 ll
297 2920 369 2993 658,
385 2923 423 2985 ci.
436 2923 528 2985 schol.
545 2924 579 2985 ad
596 2924 614 2985 l.
631 2933 661 2986 et
675 2924 782 2986 Athen.
795 2944 823 3004 p.
838 2922 899 2987 308
911 2925 944 2997 B,
958 2925 979 2986 C
994 2923 1112 3003 (similia
1128 2919 1305 3002 llesyohius)

156 3030 188 3083 et
209 3021 390 3085 Nicandrum
406 3023 449 3083 tt.
465 3042 492 3084 r.
509 3021 581 3084 481.
622 3023 692 3084 ldeo
719 3024 823 3104 helops
849 3023 928 3085 idom
956 3043 1022 3086 esse
1046 3022 1195 3086 ferebatur
1216 3027 1305 3100 atque

156 3120 274 3183 anthias
288 3119 408 3199 (Athen.
426 3120 488 3182 282
501 3121 548 3200 9),
571 3120 652 3183 idem
678 3121 830 3184 terebatur
855 3122 942 3184 etiam
969 3117 1152 3199 κάλλιχθυς
1171 3139 1225 3183 neo
1245 3136 1305 3179 non

156 3215 395 3299 καλλιώνυμος,
417 3220 469 3281 sed
492 3219 692 3282 differentiam
707 3220 884 3300 agnoscebat
899 3221 1011 3283 Dorion
1036 3221 1115 3296 (Ath.
1131 3221 1149 3280 l.
1165 3218 1207 3294 1.).
1245 3218 1304 3279 Ex-

157 3319 300 3381 stiteraut
336 3318 424 3381 etiam
458 3319 509 3398 qui
543 3319 674 3380 eundem
703 3338 768 3381 esse
804 3320 1066 3399 acipenserem
1102 3319 1304 3380 Romanorum

158 3417 386 3487 existumarent,
412 3426 532 3480 auctore
557 3435 619 3479 non
645 3418 743 3479 solum
765 3418 860 3479 Plinio
876 3418 915 3479 IX
931 3417 971 3479 60
999 3418 1049 3480 sed
1077 3416 1167 3479 etiam
1188 3415 1304 3496 hpioue

158 3513 195 3578 dv
219 3516 265 3598 τῷ
293 3513 370 3597 περὶ
396 3516 452 3597 τῆς
473 3511 628 3580 Ἀπικίου
653 3517 777 3599 τρυφῆς
797 3517 906 3578 Athen.
926 3536 955 3596 p,
971 3514 1084 3589 294Ες
1106 3522 1209 3576 eontra
1230 3514 1303 3576 adeo

158 3633 210 3676 ooo
239 3613 372 3677 diversos
399 3614 508 3677 latinus
535 3622 621 3697 poeta
647 3615 757 3677 iudicat
782 3623 816 3676 ut
841 3615 989 3694 pelagium
1015 3615 1151 3687 alterum,
1178 3614 1304 3677 alterum

157 3712 200 3792 (ι.
218 3711 291 3788 134)
315 3711 414 3776 herbis
430 3713 589 3794 urenisque
603 3715 761 3776 laetantem
779 3713 896 3784 scribat,
919 3714 1008 3777 simul
1030 3721 1129 3776 tamen
1145 3721 1305 3792 utrumque

158 3811 248 3874 undis
270 3811 363 3890 magis
385 3812 550 3891 peregrinis
571 3813 717 3888 nobilem3
739 3822 827 3893 atque
849 3821 1037 3894 postremum
1052 3813 1109 3876 boo
1123 3833 1162 3877 ue
1178 3813 1304 3884 mireris,

158 3911 367 3973 Archestratus
382 3912 460 3991 apud
476 3912 582 3975 Athen.
599 3911 696 3974 2948
711 3913 743 3974 in
759 3913 910 3993 praeclara
925 3912 1132 3976 observatione
1156 3912 1302 3975 coenatica

158 4010 318 4074 mustelam
359 4008 501 4087 (καλιὰν)
543 4012 672 4092 aliquam
715 4012 836 4075 Rhodi
871 4018 986 4093 captam
1024 4020 1054 4073 et
1090 4013 1199 4074 dictam
1234 4009 1324 4072 alias'

159 4103 316 4172 ἆλιύπεκα
345 4108 464 4187 (Athen.
486 4108 547 4171 295
567 4112 602 4188 Α)
640 4111 766 4174 eandem
802 4130 869 4172 esse
898 4111 969 4172 dicit
997 4129 1085 4191 quarn
1121 4104 1304 4191 ἀκιπήσιον

158 4208 376 4283 Romanorum,
414 4209 483 4269 hino
512 4209 601 4288 igitur
630 4209 701 4271 satis
731 4210 892 4271 dilucidum
922 4211 970 4280 iit,
1000 4228 1054 4271 our
1082 4209 1170 4270 etiam
1200 4207 1304 4287 helops

159 4306 255 4369 Plinio
272 4306 398 4369 maxime
424 4307 562 4369 laudetur
587 4307 794 4370 Rhodiaous
811 4308 921 4388 quippe
936 4308 1051 4388 positus
1066 4326 1118 4386 pro
1133 4307 1304 4387 acipensere

158 4403 277 4489 ναλεῷ,
303 4406 353 4467 sed
381 4405 471 4467 etiarn
497 4406 526 4467 id
550 4406 710 4486 explicatur
724 4425 778 4468 cur
804 4407 902 4469 herbis
919 4407 1012 4485 magis
1035 4415 1064 4468 et
1083 4423 1191 4468 arenae
1213 4424 1302 4486 quam
