2924 5018
605 263 846 327 -118-

156 449 227 503 sunt
243 436 439 521 βούγλωσσα
459 446 489 500 et
511 435 623 520 ψῆττα
637 437 790 516 (Aelianus
806 439 908 501 nescio
923 455 995 501 num
1011 437 1134 501 latinum
1150 445 1305 500 auctorent

155 550 276 603 secutus
290 539 329 600 sit
345 557 413 600 cum
429 538 549 599 insolito
563 556 646 598 more
657 555 791 615 passeres
803 537 940 600 redderet
956 535 1264 615 σοροοθούςΧΝ-ὃ)
1279 544 1307 597 et

156 630 291 721 ῥόμβος,
316 637 372 698 bos
397 636 494 715 pisces
519 634 673 714 Oppianus
699 634 778 699 inter
803 635 891 698 litora
916 633 1039 698 humilia
1066 644 1096 697 et
1118 635 1203 700 inter
1225 651 1306 699 mare

156 738 289 799 lutosum
311 732 463 797 distribuit
479 734 503 808 tl
519 731 559 795 99
575 741 605 794 et
622 733 710 812 195.);
732 735 878 797 solearum
901 732 1012 797 emmor
1031 733 1168 815 fulpidue
1185 731 1307 799 aliunde

156 834 229 896 mibi
243 851 305 896 nou
320 831 468 905 innotuit,
489 830 574 895 facile
589 839 687 895 autem
699 849 809 910 genera
819 832 879 895 iste
893 831 1019 893 invicem
1031 829 1307 902 confundebantur,

157 934 233 996 sicut
248 931 385 994 maculer
401 930 496 993 soleae
522 947 623 1008 passer
642 946 664 989 a<
680 938 767 1008 poeta
793 930 949 993 scribitur:
983 942 1051 993 nem
1068 928 1198 994 bibonis
1225 921 1308 1008 ned-

156 1029 306 1108 γλωσσος
322 1037 411 1108 atque
432 1026 543 1109 ψῆττα
558 1045 612 1106 pro
627 1045 690 1093 une
706 1028 870 1108 eodemque
883 1027 966 1106 pisce
979 1026 1167 1094 habebantur
1182 1027 1305 1114 (dibon.

157 1128 218 1190 288
231 1129 276 1203 B),
302 1126 498 1205 similiterque
525 1126 650 1188 Romani
677 1123 817 1189 salerios
845 1123 904 1208 etin
931 1126 1065 1208 ,ψῆτταν
1090 1122 1223 1207 βόμβον
1251 1123 1306 1193 adl

157 1223 228 1288 ἔστι
256 1224 296 1288 rd
324 1221 441 1306 ὄνομα.
462 1220 632 1306 ἑλληνοκόν
657 1224 763 1287 Athen
793 1223 853 1287 330
872 1225 905 1287 B.
949 1225 1046 1302 aque
1075 1224 1225 1290 rhombus
1251 1227 1306 1291 art-

156 1324 268 1388 modos
290 1325 371 1386 litore
402 1323 530 1400 maxime
549 1323 688 1387 Adriano:
719 1324 798 1385 idem
824 1331 1012 1402 compertum
1038 1321 1161 1389 Plinius.
1177 1321 1307 1392 babebat

158 1423 298 1501 dedisque
313 1421 513 1502 principatum
530 1421 732 1486 rhomborum
747 1421 967 1485 Rauennatibus
978 1420 1020 1485 lii
1036 1419 1106 1485 199,
1139 1419 1213 1487 Ιοοι
1237 1437 1304 1489 nere

158 1523 355 1583 interranum
378 1527 408 1581 et
422 1519 582 1582 rhombum
605 1519 636 1581 in
653 1519 831 1584 editionibus
844 1519 942 1584 nestri
957 1517 1021 1584 aeri
1035 1527 1203 1589 cernuntur
1215 1504 1305 1588 naec:

159 1619 238 1682 Τοοοο
263 1619 364 1699 epodas
388 1619 449 1680 lati.
495 1616 620 1682 blaudi
642 1616 679 1676 Μ.
695 1617 856 1696 Hauptium
878 1624 907 1702 et
930 1616 1028 1695 ipsum
1046 1616 1168 1696 quidem
1183 1616 1244 1686 iste
1258 1635 1307 1681 si·

160 1719 326 1789 bibentem,
341 1717 395 1779 sed
409 1715 595 1795 praefortem
610 1733 639 1793 p.
655 1714 735 1777 lllll:
766 1734 883 1792 „unum
910 1723 957 1777 est
980 1715 1013 1780 iu
1038 1714 1206 1781 halieuticis
1227 1715 1306 1795 quod

160 1835 222 1880 non
247 1824 352 1896 putem
378 1813 416 1877 ab
431 1813 535 1876 Ouidio
558 1812 703 1892 scriptum
720 1832 799 1889 esser
825 1814 883 1876 etsi
903 1813 984 1878 enim
999 1831 1061 1879 uon
1075 1813 1181 1895 ignoro
1203 1822 1308 1885 tear-et

160 1928 227 1977 nene
249 1912 463 1994 particularum
480 1929 567 1976 usum
590 1928 689 1990 neque
713 1911 837 1977 omniuo
861 1929 983 1992 prorsus
1004 1911 1305 1991 exploratumessea

160 2010 359 2092 grammaticis
371 2027 469 2088 neque
478 2015 647 2088 temporum
660 2019 851 2088 mutataeque
863 2007 1091 2090 consuetudinis
1098 2009 1308 2077 observatione

160 2110 231 2174 satis
247 2109 448 2172 examinatum
461 2154 469 2172 .
481 2153 489 2168 .
503 2151 542 2178 ..‚
570 2107 640 2171 illud
666 2117 769 2175 tamen
789 2127 850 2171 non
871 2127 994 2188 pessum
1009 2108 1151 2181 crederes
1165 2108 1306 2180 ondins

160 2221 230 2273 tenc
255 2208 370 2275 tunsa
389 2207 422 2272 in
445 2207 672 2271 enumeratione
693 2207 787 2289 qualis
807 2208 838 2269 iu
853 2227 878 2269 v.
899 2205 959 2271 126
974 2206 1156 2273 inventur.
1197 2207 1269 2276 troo
1283 2207 1310 2271 si

160 2307 305 2372 intellexit
324 2307 369 2367 vir
388 2304 539 2383 egregius,
557 2316 619 2371 'cur
644 2304 699 2367 sibi
725 2306 823 2369 noluit
847 2305 1054 2385 obtemperare
1080 2313 1121 2367 ut·
1135 2315 1203 2394 turc
1222 2305 1310 2377 anien

160 2415 276 2471 rectum
298 2400 514 2468 recedant?
543 2405 582 2467 At
597 2402 751 2467 ridebatur
776 2405 861 2483 sequi
882 2402 1195 2478 vocalis;.›ridean1us
1218 2404 1311 2485 igitur

162 2504 215 2584 qui
239 2503 358 2568 taudem
382 2501 475 2581 piscis
499 2501 691 2580 adportetur:
716 2521 784 2565 eece
803 2502 917 2565 inrisus
936 2502 1042 2582 aliquis
1057 2509 1088 2590 et
1107 2502 1312 2577 inaudituset

163 2603 310 2666 oblivione
331 2617 494 2680 oppressus
519 2600 706 2679 antiquitatis
725 2608 759 2663 ut
781 2601 896 2665 ridetru‘
918 2601 1084 2669 universas:
1107 2603 1228 2681 apodes
1240 2601 1311 2673 latii

162 2701 473 2775 bertolandane,
493 2698 681 2763 callidissime
698 2698 783 2771 Plini,
800 2699 895 2779 posita
910 2700 947 2763 ab
964 2698 1312 2773 lividinaniursliaesse

164 2799 253 2863 stiam
269 2818 345 2877 quae
361 2797 439 2876 apud
454 2796 608 2864 seniorem
623 2798 715 2861 dium
735 2798 949 2884 reperirentur,
976 2812 1038 2861 nou
1061 2799 1219 2867 nmeeutia
1237 2809 1311 2880 puta

163 2898 221 2959 nisi
251 2896 287 2958 ad
314 2896 424 2956 Tomos
450 2895 541 2974 ipsos
586 2895 734 2956 Nimirum
762 2897 852 2957 etiam
878 2896 1187 2966 barbarinianum
1213 2917 1314 2979 neque

164 2994 245 3057 enim
264 2993 393 3057 latinum
423 3006 522 3071 neque
543 3008 681 3071 graecum
707 3002 771 3064 est.¹
801 2993 839 3062 Et
864 2993 1023 3076 τρίποδος
1049 3013 1114 3074 egn-
1128 3002 1160 3065 et
1185 2991 1314 3070 ἄποδος

163 3101 194 3155 et
222 3088 362 3162 νέποδες
391 3090 443 3169 qni
476 3090 615 3153 dicautur
651 3092 791 3170 pernovi,
831 3089 935 3166 ἔπους
969 3093 1120 3173 quomodo
1149 3096 1226 3174 quid
1250 3096 1314 3167 dici

164 3188 300 3269 potuerit·
313 3189 427 3267 ignoret
465 3188 528 3253 itm
554 3185 656 3261 dareve
681 3207 744 3253 non
769 3191 894 3280 debetur
911 3192 978 3261 ruisi
987 3191 1065 3261 Plini
1081 3193 1228 3283 excerptis
1246 3203 1314 3265 tur·

48 3366 55 3373 ·
164 3288 287 3368 pissime
316 3286 428 3366 ubique
453 3287 517 3351 lere
546 3287 673 3361 vitiosis.
708 3289 766 3352 uisi
795 3291 877 3369 quod
901 3290 998 3355 ceder
1016 3276 1313 3361 'ibinicendianus

165 3386 275 3451 rectius
301 3403 433 3466 'epcruaz
468 3385 541 3456 item
572 3386 740 3460 Vennonius,
780 3396 811 3451 at
848 3389 1012 3455 Vossianus
1050 3389 1140 3457 etium
1179 3408 1313 3471 caperer.

165 3485 287 3564 Lepores
300 3483 417 3553 sineere
432 3484 579 3564 scriptum
603 3486 636 3549 in
659 3486 732 3566 ipsis
748 3487 893 3567 poematis
906 3487 1118 3567 manuscriptis
1137 3495 1193 3563 est,
1214 3507 1314 3571 neque

165 3583 256 3661 igitur
269 3583 328 3647 iam
342 3593 410 3649 turer
425 3583 516 3664 magis
532 3602 622 3662 quam
646 3594 708 3651 lom
733 3592 785 3649 aut
799 3585 902 3654 ericio
917 3586 989 3651 dare
1004 3593 1056 3649 aut
1070 3587 1315 3657 emitterioridi

167 3681 309 3758 cogimur.
351 3681 425 3743 Nam
460 3683 559 3760 ipsum
585 3682 695 3762 lepores
727 3683 898 3763 reciperare
930 3681 1117 3751 rorabimur?
1148 3686 1315 3766 anquirun-

168 3778 279 3845 dumue
298 3777 408 3855 aliquid
434 3778 489 3841 erit
515 3779 717 3860 tertiumque
743 3781 831 3847 lectio
856 3792 982 3862 utraque
1007 3782 1099 3847 simul
1123 3780 1315 3864 corrigatur?

167 3875 227 3939 Sed
253 3875 333 3955 quod
359 3893 454 3941 unum
478 3885 597 3956 praesto
623 3885 669 3941 est
690 3878 803 3958 lepodee
822 3896 917 3959 genus
932 3889 1099 3949 ostrearum
1114 3890 1314 3955 memoratum

167 3973 240 4038 illud
256 3972 344 4037 edam
360 3973 392 4038 in
407 3973 533 4037 Marcelli
548 3975 676 4055 piscium
695 3977 829 4056 mtalogo
843 3997 873 4041 u-
885 3978 926 4039 35
942 3987 974 4043 et
992 3979 1074 4058 qued
1100 3979 1234 4049 letum.
1248 3998 1316 4045 esse

167 4074 214 4136 rel
243 4072 426 4139 cunemine
455 4074 648 4154 patellaeque.
666 4075 862 4141 similitudine
892 4077 1011 4157 colligas
1041 4077 1248 4157 (communior
1277 4078 1315 4145 de

167 4171 283 4252 patellis
307 4179 336 4235 et
356 4171 405 4239 alii
427 4171 482 4235 loci
502 4182 533 4235 et
546 4173 691 4237 Athenaei
707 4194 736 4255 p.
754 4171 794 4235 85
806 4175 839 4246 P,
853 4172 896 4239 Υ88
909 4175 941 4248 ll.
958 4175 1042 4250 999,
1059 4175 1098 4239 91
1112 4176 1148 4250 El
1164 4193 1204 4243 nc
1218 4176 1316 4243 nete

167 4271 289 4350 quidem
308 4269 396 4333 istud
422 4269 522 4337 sobrio
547 4272 645 4350 egenti
659 4273 717 4335 bec
734 4273 800 4335 loco
822 4272 890 4341 licet
905 4273 957 4345 ubi
971 4273 1097 4353 adpositi
1110 4273 1177 4343 loeo
1192 4276 1316 4351 estloti

170 4385 231 4436 uon
246 4368 333 4433 lotoe
371 4368 449 4440 Quid
467 4369 560 4448 igitur
586 4367 666 4443 uosl,
692 4371 768 4442 Plini
784 4371 907 4439 omnine
930 4372 1111 4452 corrigemus
1137 4371 1315 4451 brraginem

165 4467 337 4555 neminen.
391 4469 466 4539 llam
487 4486 531 4561 ps
552 4468 837 4564 repercuterem
866 4459 1104 4563 nen..'nenerc
1130 4468 1317 4569 uerbu-
