2924 5018
604 218 847 284 -120-

154 418 240 462 curas
262 399 396 462 librarios
419 417 479 480 quo
505 398 617 460 facilius
639 400 675 462 ad
699 416 831 461 errorem
852 399 972 460 deducti
989 399 1060 471 siut,
1087 399 1146 460 boc
1170 399 1204 459 ni
1221 398 1306 460 tollor

155 497 365 578 praehabebis:

252 640 292 739 lit
305 640 465 721 squatina
489 648 527 702 et
547 641 650 702 tenui
670 641 801 703 suliusus
816 641 959 721 sanguino
976 640 1094 703 mullus.
1129 614 1165 735 ’
1213 732 1216 737 Ι

155 792 251 854 llbine
276 792 356 854 enim
382 793 552 872 squatina
582 810 701 872 semper
727 793 848 867 dicitur,
877 793 970 855 semel
996 800 1114 856 tantum
1141 802 1306 876 squatus

155 893 234 972 apud
250 891 378 953 Plinium
395 891 502 951 XXXll
522 891 582 950 tou
597 908 696 970 nequo
712 892 1020 954 considerats'Ulitius
1041 892 1104 954 boc·
1124 895 1223 972 magis
1250 894 1307 957 no*
1328 968 1334 972 ⁵

155 992 229 1052 meo·
256 1009 344 1070 quam
376 990 448 1050 illud
478 989 513 1050 ad
542 997 674 1050 nostram
710 991 907 1071 corruptelam
944 991 1101 1053 admovere
1127 1006 1223 1055 ausus
1252 1002 1307 1055 est.

155 1089 233 1162 Quid
248 1085 353 1150 onim?
379 1088 484 1150 unicus
499 1087 547 1149 bic
562 1086 637 1149 Plini
652 1089 734 1150 locus
749 1106 826 1150 aune
842 1090 915 1150 falso
937 1089 1066 1168 scriptus
1090 1108 1157 1152 csso
1180 1086 1307 1172 potest!

156 1187 328 1267 squalorum
343 1187 424 1248 enim
440 1185 557 1265 generis
581 1187 709 1265 speciem
738 1187 888 1266 squatinas
915 1205 979 1249 esse
994 1188 1066 1261 scis;
1092 1189 1201 1268 quidni
1217 1190 1308 1270 igitur

156 1285 287 1346 Plinius:
320 1286 403 1346 ricino
424 1303 506 1366 quem
537 1286 672 1365 equolam
694 1282 851 1346 cocorant?
885 1286 962 1358 Quid
984 1286 1065 1365 quod
1087 1284 1204 1349 Plinius
1227 1289 1307 1350 idom

156 1384 200 1444 lll-
214 1382 422 1445 ldP‘ralcrens
438 1383 488 1463 qui
503 1383 599 1463 pisces
613 1383 730 1462 pariant
751 1383 861 1444 circum
882 1384 1102 1464 aequinoctium
1118 1386 1307 1450 aristotelica

157 1483 243 1544 rerba
261 1500 290 1564 p.
307 1481 429 1544 54389
445 1481 502 1542 roci
518 1470 638 1561 σάργος
653 1481 709 1542 καὶ
723 1477 826 1564 νάρκη
840 1477 899 1543 καὶ
914 1479 1004 1565 ῥ1νη
1020 1483 1307 1550 tribus-nominibus

156 1582 265 1662 positis
283 1591 484 1658 'etsargorum
506 1589 536 1642 et
559 1581 722 1660 torpedinis
749 1590 779 1642 ct
801 1582 1021 1660 squalorum
1048 1583 1166 1645 curiose
1191 1585 1309 1665 effingit

67 1684 70 1690 '
157 1680 205 1759 (cl.
222 1681 299 1742 inira
319 1701 348 1760 p.
368 1677 465 1760 test?
494 1682 540 1741 Au
567 1680 632 1760 quis
660 1680 747 1740 etiam
775 1680 822 1740 hic
844 1699 1011 1761 supponere
1037 1689 1165 1762 squatus
1185 1692 1307 1764 paratus

157 1776 237 1841 en't‘.l
265 1778 497 1840 Dubitatiouem-
515 1787 616 1839 tamen
639 1778 767 1839 movebit
792 1778 952 1840 laterculus
969 1779 1079 1841 Polemi
1093 1780 1173 1842 ‹Silvi
1190 1782 1225 1843 in
1248 1801 1307 1863 quo

159 1879 354 1939 effunduntur
390 1877 512 1938 uomina
551 1885 727 1938 cunctorum
757 1877 935 1956 spirantium
969 1896 1044 1957 quae
1073 1879 1130 1940 sub
1159 1879 1307 1943 Suetonio

159 1979 308 2058 adponere
325 1974 565 2038 Reifferscheidio
590 1973 711 2054 placuit,
737 1975 803 2037 vide
829 1977 911 2038 Suet
928 1976 1053 2058 Rolliqu.
1068 1975 1209 2057 pagiuam
1226 1978 1306 2054 259;

158 2075 201 2136 ibi
227 2075 307 2136 euim
333 2074 412 2135 inter
435 2073 600 2135 natantium
628 2074 749 2135 nomina
770 2085 930 2154 squatus
954 2060 1125 2136 errbibetur.t
1150 2064 1210 2138 Sed
1226 2078 1307 2139 unde

159 2165 234 2235 baec
248 2172 362 2234 homiui
374 2172 554 2234 -allluxeraut
569 2189 632 2231 non
658 2171 716 2233 uisi
741 2174 777 2233 ad
806 2171 894 2233 vilem
908 2173 1075 2235 doctrinam
1089 2171 1216 2253 parato?
1239 2172 1307 2237 -Poss

159 2279 237 2334 terat
263 2264 343 2334 certo
368 2272 466 2351 ipsum
495 2269 623 2332 Plinium
649 2270 730 2331 adire
755 2280 845 2351 atque
870 2289 931 2333 uon
957 2268 1074 2352 poterat
1099 2276 1238 2349 teutoni,
1253 2274 1308 2338 sed

160 2371 231 2433 satis
252 2371 315 2451 ipsa
335 2386 368 2430 rc
387 2368 578 2445 invitabatur,
600 2368 740 2448 quoniam
756 2371 814 2431 boc
828 2370 955 2432 manime
970 2387 1078 2450 promo
1092 2379 1123 2433 et
1137 2373 1237 2437 condo
1252 2390 1309 2436 no·

159 2469 295 2533 tiliarum
319 2468 453 2530 omnium
480 2467 524 2528 uti
550 2476 631 2529 aetas
657 2468 759 2531 infima
785 2468 871 2530 solita
898 2478 945 2530 est
970 2487 1069 2550 neque
1095 2487 1157 2532 nou
1173 2471 1310 2552 ipsclsi·

163 2568 259 2628 dorus·
279 2566 311 2628 iu
328 2565 480 2645 Originum
500 2563 575 2626 libro
592 2565 645 2626 Xll
660 2567 834 2646 aquatilium
859 2568 981 2630 uomina
1006 2576 1203 2632 contrectans.
1218 2571 1311 2634 ‘ludo

163 2665 311 2745 accepisse
326 2664 560 2744 conscriptorem
575 2664 664 2725 credo
679 2664 861 2744 incognitum
873 2666 996 2744 reliquis
1011 2666 1207 2747 scriptoribus
1222 2669 1311 2732 dn'c·

163 2765 281 2844 tplum
298 2762 485 2842 (cliulrap.
504 2765 575 2837 170)
601 2763 672 2824 indu
698 2763 835 2844 hippoe
849 2764 928 2825 iuxta
955 2784 1074 2844 equos
1089 2767 1312 2848 sumptl‚··iudo

158 2862 333 2923 ‘coluthia
360 2857 497 2941 (coloro),
527 2857 745 2940 pectunculi
774 2878 830 2941 pro
855 2863 1022 2941 pectinibus
1049 2866 1145 2944 positi,
1170 2877 1312 2946 porcus

163 2961 486 3031 lortasso,‘araclr'ne
509 2968 538 3021 et
559 2960 616 3032 alii,
639 2960 766 3022 maximo
781 2978 851 3022 voro
872 2980 949 3040 quae
967 2962 999 3023 iu
1013 2954 1313 3043 principio-locantur

164 3057 315 3120 balaena
338 3058 486 3136 gladius
513 3058 708 3120 musculus
737 3076 845 3120 serra
871 3068 953 3123 rota
980 3078 1060 3124 orca
1085 3063 1312 3142 physotores

159 3158 280 3237 (ficitas)
296 3157 461 3219 cucumis
483 3156 619 3236 pistris
643 3157 748 3218 deinde
771 3176 891 3236 equus
913 3159 1045 3222 asinus
1070 3154 1312 3242 arios'(anibs

165 3255 289 3317 scilicet:
316 3259 417 3317 amotos
441 3255 565 3316 reuocati
588 3264 614 3316 ct
639 3255 692 3317 ulii
702 3259 824 3335 pterim
844 3259 1313 3340 formo-quodmpcdecltriton

165 3354 311 3415 elefans
321 3386 365 3397 *-
379 3354 452 3417 hacc
466 3355 565 3417 omnia
577 3354 698 3433 inquam
711 3355 747 3416 ad
759 3374 834 3434 quae
846 3357 992 3419 accedunt
1005 3357 1082 3419 inira
1096 3359 1268 3422 canicula
1283 3368 1315 3423 ct

165 3461 352 3514 cornutus
378 3461 408 3515 et
432 3454 469 3516 ad
495 3453 657 3534 primorem
673 3461 788 3532 partem
804 3456 877 3516 noni
892 3455 958 3517 libri
974 3456 1099 3518 Pliniaui
1119 3465 1149 3519 et
1162 3458 1201 3520 ad
1216 3459 1313 3540 ipsius

160 3548 308 3612 tricesimi
333 3552 455 3616 alterius
474 3557 493 3628 t
509 3553 570 3613 144
598 3552 713 3631 egregie
738 3553 894 3614 adsouant.
935 3554 1047 3617 l'ameu
1075 3555 1163 3618 ctiam
1189 3558 1314 3621 aliunde

167 3646 221 3711 alia
236 3646 356 3713 uomina
377 3652 561 3732 constipasse
583 3651 666 3712 illum
687 3651 718 3711 in
733 3650 822 3731 plano
838 3652 969 3731 positum
992 3661 1047 3728 est,
1067 3656 1228 3736 praecipue
1242 3655 1313 3719 b'tr·

166 3749 247 3823 bara,
261 3749 325 3810 -sod
354 3750 443 3811 etiam
471 3767 575 3829 graeca
600 3750 741 3811 nonnulla
757 3748 967 3831 exquisitiora:
996 3770 1068 3814 num
1084 3770 1253 3818 occursum
1268 3763 1315 3818 cst

167 3843 396 3910 anouorcast
416 3863 489 3908 num
512 3848 601 3909 codro
620 3845 795 3928 cordyla?
815 3866 888 3910 num
908 3867 1003 3929 pocus
1021 3849 1177 3930 sparus?
1194 3857 1315 3934 uoqsrm

169 3966 209 4028 pa
218 3942 353 4025 gurusl
376 3945 508 4025 [leuique
522 3956 641 4026 squatum
655 3946 711 4008 iam
725 3947 845 4009 doctum
859 3947 991 4010 laterculi
1006 3949 1083 4028 apud
1095 3940 1226 4012 Plinium
1237 3953 1315 4015 talsb

167 4046 275 4126 legisse
303 4043 398 4106 conici
423 4051 530 4123 potest
573 4044 613 4106 Ut
637 4064 705 4108 vero
731 4047 768 4108 ad
793 4046 928 4109 Ouidiani
954 4047 1092 4110 carminis
1117 4049 1315 4131 scriptionem

169 4142 386 4206 diiudicandam
402 4142 509 4224 podem
524 4143 690 4206 referamus
705 4154 841 4224 superest
861 4154 894 4206 ut
915 4145 950 4207 ad
972 4145 1132 4208 mullorum
1154 4148 1316 4211 similium-

168 4260 228 4323 que
257 4241 427 4304 societatem
457 4241 627 4321 squatinam
653 4250 752 4323 aptam
778 4260 845 4305 esse
871 4242 1007 4306 doceam:
1039 4244 1193 4325 Oppianus
1223 4246 1317 4328 igitur

169 4339 257 4403 tout
282 4340 318 4401 ad
339 4344 453 4402 cetacca
478 4338 626 4422 pertinere
651 4358 739 4404 cauas
765 4340 878 4413 scribit,
905 4359 1012 4406 canum
1040 4351 1139 4406 auteur
1164 4344 1222 4407 tria
1249 4364 1316 4409 csso
