2924 5018
622 298 844 362 ..33-

161 492 218 546 ras,
241 473 373 536 iambum
390 472 598 534 Lachmannus
614 473 712 549 (Lucr.
729 493 757 553 p.
778 474 849 548 152)
876 472 938 534 dari
961 473 1052 534 voluit
1076 471 1191 533 Catullo
1209 469 1260 549 38,
1276 469 1307 544 2,

162 570 212 633 ubi
236 574 418 653 praeplacet:

403 670 476 731 Male
498 675 553 742 est,
577 669 724 743 Cornifiei,
746 678 798 730 tuo
823 669 947 740 Catullo,

404 769 478 830 Male
501 776 546 829 est
569 787 618 829 me
641 769 759 829 hercule
781 778 811 829 et
834 776 890 828 est
914 764 1057 830 laboriose

404 867 442 927 Ei
465 867 557 945 magis
580 866 673 945 magis
695 866 727 927 in
751 866 815 928 dies
838 875 869 926 et
890 864 990 926 horas

160 965 229 1026 Non
249 974 349 1026 autem
372 983 473 1026 moror
506 966 587 1044 quod
621 965 657 1026 de
686 965 790 1026 Catulli
810 964 860 1037 29,
885 962 925 1024 20
948 982 1044 1043 nuper
1072 962 1176 1024 statuit
1204 962 1228 1023 is
1255 951 1307 1041 gui

159 1081 253 1140 nugae
275 1083 341 1125 cum
366 1064 467 1127 ederet
489 1064 618 1125 edendas
641 1064 797 1142 nugatorie
811 1061 933 1143 putavit.
968 1061 1058 1123 Cuius
1080 1061 1135 1121 loci
1158 1061 1305 1122 veriorem

160 1163 286 1222 formam
309 1170 477 1224 monstrare
501 1162 551 1223 ubi
575 1181 622 1223 me
637 1163 747 1241 paravi,
771 1181 839 1223 ecee
861 1181 964 1224 aurem
987 1163 1059 1223 mibi
1082 1163 1161 1224 vellit
1176 1163 1306 1225 Catullus

160 1278 245 1320 meus
262 1269 290 1321 et
302 1260 356 1334 Ne,
367 1261 473 1340 inquit,
485 1261 561 1340 prati
575 1260 634 1320 mei
645 1261 734 1321 lleres
747 1260 885 1339 vepribus
896 1261 961 1322 istis
973 1261 1082 1322 insere.
1105 1262 1204 1323 Eidem
1216 1261 1307 1340 disyl-

159 1356 260 1418 labum
284 1359 361 1438 apud
385 1359 538 1420 Manilium
560 1367 606 1419 est
627 1358 667 1418 111
691 1357 741 1418 73.
786 1358 846 1419 lam
873 1359 1049 1438 scriptorem
1075 1358 1305 1420 Halieuticornm

160 1456 211 1535 qui
234 1461 261 1518 ei
273 1459 374 1536 posuit
396 1455 530 1518 iambum
546 1477 573 1517 v.
590 1456 630 1516 34
654 1476 689 1517 eo
713 1474 774 1517 non
797 1475 899 1536 parem
923 1477 955 1519 se
977 1457 1162 1537 praestitisse
1184 1457 1307 1537 reliquis

160 1572 304 1632 agnoscas
327 1573 451 1616 necesse
476 1563 531 1616 est.

245 1653 390 1732 Superest
412 1671 516 1714 unum.
561 1653 728 1713 Commune
750 1653 892 1731 prosaicis
923 1651 1117 1732 scriptoribus
1146 1663 1191 1714 est
1220 1661 1255 1716 ut
1277 1662 1306 1715 et

159 1757 276 1829 tergum
299 1750 473 1812 animalium
502 1758 531 1811 et
558 1751 663 1829 pellem
692 1767 790 1828 neque
820 1770 886 1811 eam
915 1760 1031 1813 tantum
1063 1771 1153 1830 quarn
1181 1752 1212 1813 in
1240 1753 1305 1832 ipso

158 1854 242 1926 terge
266 1848 396 1911 habeant
418 1849 463 1909 vel
485 1857 587 1926 tergus
612 1849 710 1909 dicant
733 1849 777 1909 vel
801 1855 931 1927 tergere.
976 1850 1087 1911 Plinios
1110 1852 1209 1912 Celsos
1232 1869 1305 1912 con-

159 1947 248 2006 sulas.
293 1947 371 2009 Sunt
394 1954 492 2009 tamen
516 1956 621 2026 poetae
648 1965 767 2026 quoque
796 1949 843 2026 qui
872 1948 951 2008 idem
979 1949 1109 2009 dixerint
1129 1950 1209 2011 velut
1232 1949 1307 2011 Pro-

157 2044 273 2123 pertius
289 2044 443 2119 11126,6;
459 2046 546 2106 Silius
558 2045 597 2105 111
609 2045 685 2118 2093
701 2044 839 2106 Martialis
853 2046 874 2107 V
888 2045 943 2120 223
959 2046 1078 2108 Gratius
1094 2066 1120 2106 v.
1137 2045 1199 2108 339
1216 2066 1305 2126 quem

157 2141 264 2207 locum⁴
279 2143 318 2203 ita
340 2143 474 2222 adpone:

471 2243 563 2320 Tegat
585 2242 660 2302 imas
684 2241 773 2301 fascia
795 2258 880 2302 suras

259 2340 388 2402 lnternis
410 2340 524 2402 inulina
547 2341 609 2401 suis
634 2347 664 2399 et
685 2347 802 2416 tergore
825 2338 904 2400 fulvo

249 2438 459 2516 ‘Saetigerique
482 2445 570 2517 caput
593 2455 724 2515 canaque
747 2456 763 2496 e
786 2438 879 2498 maele
901 2437 1000 2516 galeri.

257 2536 332 2598 Lina
355 2537 499 2598 Toletano
523 2534 715 2615 praecingant
738 2533 787 2595 ilia
810 2535 915 2596 cultro.

158 2635 232 2696 Mam
255 2635 370 2696 inutilia
391 2636 572 2713 tangendum
601 2650 663 2693 nen
695 2632 821 2693 videtur.
866 2634 961 2695 Galeri
985 2642 1084 2696 autem
1107 2638 1176 2715 quia
1196 2647 1305 2715 tegmen

157 2737 257 2812 cupitis
272 2734 400 2812 Vergilio
421 2740 566 2795 vocantur
581 2733 651 2792 Aen.
670 2729 805 2803 1111688,
830 2736 903 2811 (quo
928 2741 958 2793 et
979 2733 1034 2794 viri
1049 2735 1153 2796 rustici
1170 2744 1304 2808 utuntur,

156 2831 262 2892 Moret.
280 2832 350 2905 122,
366 2839 396 2893 et
408 2832 505 2904 flores,
522 2834 554 2891 Α.
572 2830 603 2891 L.
621 2829 699 2890 Ries.
716 2828 778 2889 646
795 2848 821 2888 v.
838 2827 902 2904 25),
925 2831 1015 2892 etiam
1036 2833 1070 2892 ad
1093 2833 1174 2912 ipsos
1189 2835 1303 2912 galeros

157 2931 235 3010 apud
251 2930 386 2992 Gratium
407 2928 532 2991 verbum
556 2939 630 3008 tegat
654 2927 834 3006 pertinuisse
859 2930 1050 3006 persuadent.
1088 2931 1191 3005 Porro,
1214 2932 1303 2994 modo

155 3028 246 3090 latine
268 3036 354 3109 poeta
382 3029 546 3108 scripserit,
571 3027 664 3087 cultro
684 3025 915 3105 praecingantur
936 3027 983 3088 ilia
1007 3037 1123 3107 oportet
1145 3046 1305 3110 sermoque

155 3134 255 3188 rectus
278 3128 385 3189 elamat
406 3128 603 3189 accusativum
628 3143 694 3184 esse
716 3126 783 3196 ilion
811 3125 869 3185 iam
897 3125 966 3186 ima
996 3127 1044 3187 ilia
1075 3129 1175 3190 locum
1198 3147 1302 3209 parum

155 3233 258 3304 aptum
282 3226 377 3287 cultro
396 3243 461 3286 esse
485 3225 534 3304 qui
557 3223 756 3302 perspexerit,
785 3243 821 3283 ex
847 3228 908 3284 ime
938 3225 1106 3287 subiectum
1135 3229 1303 3290 sententiae

156 3323 255 3384 eliciet
283 3323 414 3384 balteum
442 3323 612 3400 significans
646 3321 790 3381 rusticum
821 3321 882 3383 sive
912 3321 972 3384 liae
1000 3341 1054 3384 seu
1082 3325 1151 3403 quid
1183 3325 1303 3405 propius

155 3421 297 3483 abiaceat.
342 3422 385 3483 Ad
416 3431 511 3500 tergus
536 3440 606 3482 vero
634 3431 666 3483 ut
689 3424 819 3496 redeam,
855 3423 975 3485 Ovidius
998 3425 1089 3486 semel
1111 3431 1227 3484 tanturn
1249 3423 1305 3484 hac

155 3536 227 3579 voce
252 3538 323 3603 usus
346 3528 391 3580 est
414 3519 562 3599 propelle
584 3519 825 3592 Metlllll347,
856 3539 930 3599 quae
959 3531 1060 3583 tamen
1088 3521 1129 3582 ibi
1153 3521 1303 3583 humilitas

156 3635 191 3677 eo
215 3617 370 3679 sublimior
392 3618 425 3677 lit
448 3618 516 3696 quia
537 3619 645 3697 pellem
668 3638 723 3698 pre
755 3619 820 3698 ipso
850 3620 945 3699 clipeo
967 3621 1076 3700 posuit.
1122 3621 1207 3706 Apud
1230 3621 1304 3682 Ver·

155 3715 258 3791 gilium
281 3716 354 3776 Aen.
379 3715 419 3776 lx
443 3716 502 3777 761
531 3718 641 3796 optima
672 3719 846 3779 auctoritate
873 3719 931 3780 iam
960 3704 1130 3781 restitutum
1158 3718 1303 3781 habemus
1332 3776 1333 3779 ,

154 3823 266 3891 tergum
280 3830 335 3892 pre
358 3823 462 3891 tergus.
496 3814 560 3876 Hoc
582 3817 662 3878 enim
685 3817 867 3897 respuebant
880 3827 985 3897 poetae
1007 3819 1128 3898 eiusque
1151 3816 1182 3878 in
1204 3817 1303 3878 locum

154 3911 233 3972 haud
266 3929 331 3972 rara
364 3913 507 3991 elegantia
541 3925 653 3996 tergum
686 3918 889 3990 sufficiebant,
921 3917 987 3978 vide
1020 3923 1171 3995 praeterea
1197 3914 1303 3989 Vergili

154 4009 227 4070 Aen.
243 4010 256 4070 1
273 4010 351 4086 368;
375 4010 419 4073 111,
430 4011 510 4087 653;
534 4013 617 4075 Ovidi
631 4015 699 4076 Met.
716 4015 778 4075 xlv
795 4016 872 4090 2253
888 4014 938 4076 XV
955 4015 1031 4088 304,
1048 4014 1125 4075 Fast.
1141 4013 1178 4073 IV
1194 4010 1256 4070 212
1273 4023 1303 4072 et

156 4107 235 4183 3423
258 4110 308 4171 Sili
324 4110 387 4171 Vlll
402 4109 479 4184 5723
502 4111 661 4188 XV14513
692 4114 768 4174 Stati
784 4114 853 4174 leh,
873 4113 898 4173 ll
918 4113 993 4186 154;
1023 4111 1114 4173 Theb.
1141 4110 1202 4170 Vlll
1226 4107 1303 4185 2213

155 4205 294 4269 Martialis
309 4208 372 4270 xlv
388 4209 438 4270 oe
484 4209 542 4271 Pro
566 4211 644 4272 dorsi
669 4229 756 4273 carne
785 4211 949 4290 elegantius
978 4221 1093 4288 tergore
1115 4208 1188 4269 dixit
1211 4209 1303 4270 semel

121 4388 123 4392 y
155 4303 237 4366 Maro
254 4307 327 4367 Aen.
343 4306 444 4381 1211,
468 4308 557 4368 semel
574 4309 652 4370 Naso
676 4309 743 4370 Met.
761 4310 822 4370 Vlll
838 4309 899 4370 639
915 4309 980 4387 (ubi
996 4307 1085 4368 simul
1101 4315 1200 4366 tamen
1223 4316 1303 4385 terge

156 4423 181 4462 v.
202 4402 263 4464 638
286 4405 447 4482 habemus3
470 4416 603 4480 ceterum
625 4408 662 4468 cl.
680 4407 846 4469 Phaedrill
865 4409 891 4492 1,
908 4407 950 4482 9).
984 4408 1044 4467 lam
1066 4423 1135 4466 vero
1157 4405 1214 4465 hoc
1236 4423 1303 4463 ver-

209 4501 299 4553 Birt,
321 4502 350 4546 de
364 4504 509 4550 halieutieis.
1126 4506 1142 4559 3
