2924 5018
616 251 839 315 ..23-

158 446 238 490 arma
273 425 409 488 conterre
441 426 518 506 apud
551 423 697 506 Nepotem
729 426 762 487 in
795 426 931 490 Eumene
962 425 1063 503 x1‚u;
1100 425 1179 488 unde
1211 425 1305 488 etiam

159 525 331 606 simpliciter
351 527 383 588 io
411 523 517 589 colluto
547 533 650 588 auctor
671 525 721 587 ille
747 524 816 587 belli
842 525 1045 607 Hispaniensis
1072 545 1116 607 cp.
1141 524 1198 600 313
1230 543 1306 605 pec-

158 633 222 686 tora
244 621 412 703 pectoribus
435 621 593 686 conterunt
610 623 759 686 ¹luctantes
781 623 860 705 apud
888 623 1034 687 Nasonem
1060 623 1130 687 Not.
1154 623 1201 696 vl,
1223 621 1307 697 2423

157 723 238 784 idem
259 720 458 801 pulcherrime
480 720 583 784 collato
603 721 697 786 Nocte
718 721 787 784 Not.
808 721 872 795 XII,
896 721 968 784 379.
1011 723 1073 786 lam
1096 722 1146 785 uhi
1172 723 1306 785 humana

157 821 243 902 plura
275 820 450 882 animalibus
482 820 670 892 tribuuntur,
701 819 791 883 etiam
824 838 905 884 arma
939 820 1073 884 conferat
1104 821 1199 884 bestia
1232 841 1305 885 cnm

158 919 286 985 homine.
332 918 391 980 Sed
413 936 558 1000 quaenam
580 918 635 982 hae
655 918 781 990 bestiae,
814 936 891 1000 quae
912 918 1059 1000 proelium
1081 920 1200 994 ineant,
1228 920 1307 984 inito

158 1018 270 1101 proelio
285 1018 438 1082 huminem
454 1017 604 1099 effugant,
627 1018 734 1081 deiude
747 1017 901 1100 aufugiant
924 1026 958 1081 ut
977 1018 1175 1100 insequantur
1188 1016 1306 1083 canes?

157 1119 310 1199 Aprumne
331 1117 455 1180 unicum
478 1113 612 1196 cogites?
633 1116 671 1179 ci.
687 1117 856 1180 Bentleium
878 1118 914 1179 ad
937 1117 1041 1180 Horati
1063 1118 1094 1180 G
1113 1118 1155 1180 III
1176 1118 1227 1190 12,
1249 1117 1307 1194 103

157 1226 257 1281 mmen
274 1218 357 1280 aliter
373 1218 408 1279 de
423 1235 458 1279 ee
473 1215 616 1297 Vergilius
631 1216 705 1279 den.
722 1215 748 1277 X
763 1215 837 1278 708.
865 1215 969 1296 Neque
983 1217 1143 1298 perdamus
1164 1216 1306 1281 acumina

158 1323 260 1379 nostra
275 1314 447 1396 explicando
457 1313 553 1377 ‘hebes
575 1313 633 1377 hoc
644 1312 798 1394 ingenium
815 1313 886 1394 quid
902 1332 1020 1395 quaque
1035 1314 1152 1379 inscitia
1167 1315 1305 1388 voluerit

160 1417 286 1495 Accepta
309 1421 408 1478 autem
429 1413 478 1477 illa
500 1412 746 1494 interpretatione
768 1431 821 1477 eurr
842 1431 942 1493 qoem
961 1412 1054 1476 lllitio
1076 1414 1151 1478 duce
1172 1414 1305 1496 corriga-
1384 1447 1389 1454 ·

159 1532 227 1578 mus
250 1532 335 1577 causa
358 1512 439 1575 nulla
460 1511 526 1575 erit.

243 1625 286 1687 dd
308 1643 353 1686 vv.
377 1621 500 1685 85—91
526 1621 668 1685 accedens
690 1622 820 1702 indignis
849 1640 901 1686 eos
929 1624 1053 1687 obtritos
1081 1624 1305 1688 difficultatibus

160 1723 270 1787 videbis
291 1723 357 1786 sine
378 1721 468 1784 dubio
496 1741 572 1802 quae
594 1720 683 1783 solito
707 1740 789 1784 more
818 1722 954 1802 castigari
981 1723 1073 1800 relis;
1100 1723 1187 1786 nohis
1215 1724 1306 1787 easti-

159 1823 247 1903 gandi
270 1821 361 1901 magis
389 1820 519 1882 editores
546 1819 697 1892 videntum
730 1838 829 1900 neque
861 1820 921 1882 iam
951 1821 991 1883 ita
1021 1822 1149 1885 multum
1178 1823 1307 1885 interest

159 1924 265 2003 plusne
287 1939 326 1982 an
350 1919 448 1981 minus
470 1916 567 1980 vitiosi
595 1937 629 1980 ex
656 1917 731 1980 ialso
760 1919 817 1981 isto
847 1917 948 1981 Ouidio
979 1919 1161 1984 conteratur.
1206 1920 1305 2003 Prope

159 2022 229 2083 litus
257 2016 439 2080 manendum
468 2015 607 2097 piscatori
633 2023 694 2091 est3
727 2015 767 2078 ibi
793 2017 892 2079 locum
925 2016 981 2080 sibi
1011 2026 1114 2099 aptum
1140 2018 1228 2100 eligat
1253 2027 1324 2083 am.

159 2136 296 2181 saxosum
325 2123 377 2179 ant
402 2114 579 2177 umbrosum
610 2122 662 2176 aut
688 2115 817 2196 denique
843 2115 1016 2181 herbosum.
1061 2116 1140 2180 Ilaec
1171 2118 1306 2181 locorum

93 2203 95 2208 ’
159 2216 264 2280 divisio
284 2215 437 2279 inducitur
458 2214 536 2295 apud
558 2212 729 2276 Nerlelium
745 2214 835 2276 nimIs
850 2232 917 2276 eum
934 2215 1135 2295 indulgentem
1158 2214 1304 2279 arbitriis:

260 2347 343 2408 Inter
364 2353 527 2431 utro-mque
548 2342 605 2406 loci
628 2342 734 2404 melius
756 2343 948 2413 moderatore
970 2345 1075 2408 linum.

161 2463 242 2536 Quae
264 2461 350 2524 lectio
374 2480 412 2523 ne
442 2478 494 2539 ego
522 2458 642 2540 quidem
672 2458 774 2522 animo
802 2477 841 2522 ne
868 2469 1070 2527 succresceret
1102 2460 1191 2525 vitari
1217 2479 1307 2527 oum-

160 2567 262 2642 parato
304 2558 430 2620 Nasonis
464 2576 550 2620 versu
584 2557 654 2619 Met.
684 2554 765 2629 XIII,
793 2555 871 2620 923:
912 2559 997 2622 Nuce
1028 2563 1060 2622 itt
1097 2559 1170 2622 ceole
1206 2559 1308 2624 sedem

160 2659 333 2721 modernior
364 2657 527 2720 duraedirae
552 2657 648 2719 lenum
677 2673 805 2739 quocum
838 2658 1035 2721 conferendus
1066 2659 1230 2722 eudemus
1250 2659 1306 2721 leo-

159 2758 294 2819 ruodim's
325 2754 394 2817 liet.
418 2753 488 2827 VIII,
512 2752 584 2816 847.
639 2755 751 2817 Tamen
779 2772 814 2816 ea
840 2754 884 2817 uti
914 2755 983 2818 nolo
1011 2763 1099 2818 antea
1132 2774 1220 2837 quam
1253 2757 1308 2820 de·

160 2862 359 2917 monstratum
383 2860 428 2914 est
442 2851 580 2933 coniungi
594 2853 728 2933 potuisse
749 2855 825 2915 ouer
838 2861 993 2932 utrumque
1005 2851 1071 2927 loci,
1093 2853 1144 2915 ubi
1166 2863 1305 2934 expecto:

160 2955 238 3015 inter
266 2961 428 3032 utrumque
458 2951 503 3012 vel
529 2951 628 3013 locum
653 2951 699 3013 vel
719 2951 863 3013 locorum⁴
913 2949 1064 3032 Exemplis
1093 2951 1221 3015 maxime
1245 2952 1306 3017 illis

160 3051 310 3115 Ouidianis
348 3069 425 3132 quae
462 3070 490 3132 p.
527 3049 565 3111 12
601 3050 784 3130 aggessimus
816 3057 952 3113 vetamur
991 3068 1031 3112 ne
1068 3067 1131 3114 non
1171 3050 1307 3115 absolute

159 3158 234 3215 iuter
267 3161 419 3233 utrumque
451 3149 584 3233 positum
618 3149 711 3213 fuisse
745 3166 909 3213 sumamus.
953 3150 1057 3232 ltaque
1089 3149 1230 3231 quoniam
1264 3168 1306 3214 nc

160 3252 198 3314 de
221 3251 278 3313 loci
298 3249 416 3330 quidem
443 3248 572 3312 lectione
595 3249 673 3312 serio
694 3248 824 3312 dubitari
846 3256 957 3330 potest,
979 3249 1164 3330 agnoscenda
1186 3248 1306 3331 proprIa

160 3350 249 3412 huius
273 3347 426 3431 scriptoris
449 3346 570 3410 audacia
593 3354 639 3410 est
660 3347 712 3428 qui
734 3346 846 3411 scilicet
859 3347 948 3413 tinem
963 3349 1021 3411 loci
1035 3349 1183 3413 moderari
1197 3347 1306 3422 iubeat,

42 3451 45 3456 ’
159 3450 216 3511 hoo
243 3457 289 3511 est
318 3445 418 3522 ‚uario
450 3445 540 3508 modo
565 3446 664 3508 locum
692 3445 843 3508 deliniret
886 3445 973 3508 Vides
1006 3446 1097 3526 igitur
1128 3447 1218 3511 etiam
1249 3446 1307 3515 hoo

160 3566 224 3610 esse
246 3546 277 3609 in
299 3563 359 3626 quo
381 3543 566 3626 aliquatenus
589 3542 675 3605 Ovidi
697 3544 791 3607 lector
813 3543 908 3624 possit
928 3544 1062 3608 haerere.
1107 3544 1261 3627 Sequitur:

261 3664 372 3742 Aspera
395 3678 468 3723 num
491 3659 570 3722 saxis
592 3660 655 3722 ioca
677 3659 740 3721 sint
761 3677 842 3741 equa

160 3788 250 3861 atquc
282 3778 383 3841 nescio
416 3795 491 3840 num
524 3776 583 3839 iam
614 3777 797 3856 persuaseris
829 3773 884 3837 tibi
916 3781 977 3837 tam
1011 3773 1058 3836 rix
1089 3774 1182 3838 latIne
1213 3774 1306 3839 istum

160 3878 314 3961 scripsisse
335 3883 370 3939 ut
390 3873 537 3955 triplicem
560 3874 742 3937 sententiam
772 3873 886 3955 optioni
914 3874 999 3936 daret
1018 3874 1161 3955 particule
1181 3879 1227 3936 ter
1247 3892 1307 3955 po-

160 3981 215 4040 sita
232 3993 293 4038 non
314 3977 382 4047 sice,
406 3972 458 4035 sed
480 3990 567 4044 uum3
600 3980 665 4035 tum
698 3973 735 4034 ad
763 3973 948 4036 moderatore
976 3972 1077 4035 animo
1108 3971 1305 4052 supplendum

160 4076 218 4139 erit
236 4076 393 4155 mquirou.
438 4071 498 4133 Sed
527 4070 668 4132 excidisse
697 4071 805 4152 aliquid
834 4079 903 4152 post
931 4091 959 4133 v.
982 4070 1023 4134 85
1050 4070 1177 4134 coniecit
1204 4069 1306 4151 Haup-

163 4175 230 4249 tim,
252 4181 342 4251 atque
364 4169 401 4232 ad
424 4186 488 4231 eam
512 4170 689 4231 firmandum
713 4170 915 4234 coniecturam
938 4171 996 4234 hoc
1015 4169 1095 4244 iacit,
1122 4168 1202 4249 quod
1225 4168 1254 4229 in
1276 4187 1304 4229 r.

161 4272 202 4334 89
224 4269 377 4334 scribitur:
407 4285 476 4331 uum
497 4269 578 4330 cerie
599 4269 715 4348 quidum
731 4270 902 4350 mumque
916 4278 1088 4351 petuntquea
1108 4267 1212 4347 lugere
1224 4267 1305 4331 enim

161 4369 227 4451 quis
250 4368 355 4431 dicitur
383 4375 413 4429 et
434 4362 607 4446 petessere?
634 4365 729 4447 pisces
757 4367 908 4432 nimirum.
953 4368 1011 4431 Sed
1037 4365 1165 4448 piscium
1191 4383 1305 4429 nomen
