2924 5018
617 254 837 320 ..64-

158 435 330 497 stinendum
354 453 419 496 esse
442 433 579 496 arbitror.
617 433 732 512 Nempe
752 431 932 512 anaphoram
956 432 1079 494 eandem
1097 428 1239 514 quamvis
1264 434 1316 496 in-

157 541 270 614 gratam
294 533 381 594 etiam
405 533 483 594 Maro
506 530 902 612 usurpavithen.lV169:

257 633 307 693 lllc
330 632 391 693 dies
414 632 560 711 primus
582 631 632 693 leti
654 630 869 711 primusque
892 631 1038 692 malorum

257 732 352 794 Causa
373 731 446 806 fuit;

96 861 98 866 ·
157 846 318 907 etiterum
341 842 460 904 x708:

256 944 346 1004 hctus
368 959 449 1020 aper,
472 940 609 1001 multos
633 939 756 999 Vesulus
779 955 867 1017 quern
891 939 1000 1018 pinifer
1022 957 1115 1001 annos

256 1039 395 1101 Defendit
418 1039 631 1117 multosque
653 1037 737 1116 palus
760 1037 926 1098 Laurentia.

156 1167 257 1246 Neque
279 1166 363 1226 aliter
383 1166 460 1225 Naso
483 1165 548 1225 hm.
565 1164 578 1224 l
594 1163 623 1236 2,
639 1162 694 1223 27:

256 1265 407 1325 Ducentur
429 1263 529 1342 capti
552 1263 676 1323 iuvenes
699 1269 907 1342 captaeque
930 1263 1055 1342 puellae.

156 1378 268 1440 Tamen
299 1379 375 1439 hanc
401 1398 499 1442 veram
531 1379 710 1458 anaphoram
739 1397 805 1440 esse
833 1380 932 1440 minus
960 1377 1155 1440 intendebant
1182 1388 1315 1459 pnetae;

158 1477 257 1538 minus
281 1477 368 1538 etiam
392 1479 461 1539 illud
478 1497 504 1539 e.
521 1495 547 1555 g.
564 1478 641 1539 Fast.
656 1479 683 1539 ll
699 1477 738 1538 35
762 1477 811 1556 (el.
834 1478 899 1539 Met.
917 1478 955 1539 Ml
972 1476 1061 1554 716);

257 1588 368 1650 Omne
391 1590 475 1650 nefas
499 1608 723 1669 omnemque
745 1589 815 1649 mali
837 1588 1011 1668 purgamina
1033 1607 1163 1650 causam.

157 1700 282 1761 Prorsus
305 1709 405 1761 autem
428 1700 630 1762 admirabilem
657 1700 755 1761 locum
778 1700 853 1762 adde
881 1700 932 1780 qui
954 1707 999 1762 est
1022 1699 1054 1760 in
1076 1699 1251 1780 Panegyrici
1274 1703 1312 1764 in

156 1799 317 1860 Messallam
336 1819 360 1859 v.
377 1799 431 1859 62:

256 1910 397 1983 Quamvis
418 1911 465 1971 illa
489 1911 566 1971 foret
588 1909 662 1971 Solis
685 1928 788 1987 genus,
812 1918 896 1988 apta
920 1911 977 1971 vel
1000 1909 1099 1971 herbis

255 2009 425 2088 Aptaque
446 2009 505 2068 vel
528 2015 616 2068 cantu
640 2017 753 2069 veteres
777 2016 891 2070 mutare
913 2005 1037 2087 figuras!

155 2132 256 2212 ltaque
280 2133 387 2193 Culicis
410 2131 536 2193 similem
560 2151 678 2194 versum
696 2132 756 2193 305
779 2152 842 2194 non
864 2134 1008 2214 scriptum
1038 2152 1105 2195 esse
1134 2152 1151 2193 a
1171 2134 1306 2212 Vergilio

157 2238 237 2292 certo
260 2231 400 2292 affirmari
422 2231 543 2312 nequit3
572 2232 602 2292 in
631 2252 689 2312 que
716 2240 816 2293 tamen
845 2233 934 2293 etiam
959 2231 1204 2295 molestissimum
1228 2232 1304 2295 illud

154 2333 212 2391 etri
225 2327 325 2391 Troiae
346 2329 434 2407 inest,
456 2348 511 2390 neo
526 2348 586 2390 non
600 2323 671 2393 adeo
687 2340 768 2393 tetus
785 2330 913 2392 abundat
930 2340 961 2392 ut
976 2331 1112 2393 facillime
1127 2350 1182 2412 pre
1198 2333 1305 2412 spurio

156 2427 257 2488 baberi
279 2428 388 2508 possit;
410 2428 475 2488 vide
498 2436 594 2489 toturn
616 2429 730 2491 locum:

256 2550 280 2610 0
303 2551 370 2631 quis
393 2569 454 2612 nen
477 2553 585 2615 referat
607 2553 675 2615 talis
698 2555 821 2616 divortia
843 2553 913 2615 belli

257 2648 351 2727 (Quae
374 2650 480 2710 Troiae
501 2651 629 2712 videre
651 2647 706 2714 viri
727 2653 934 2733 videreque
957 2652 1047 2725 Grai),

255 2746 379 2808 Teucria
403 2766 471 2809 cum
495 2768 602 2829 magno
626 2761 760 2813 manaret
782 2752 927 2832 sanguine
950 2751 1036 2813 tellus

256 2846 293 2904 Et
315 2845 424 2906 Simois
446 2845 615 2928 Xanthique
638 2849 745 2930 liquor,
768 2851 911 2930 Sigeaque
936 2849 1034 2911 Phrixi

256 2941 355 3002 Litora
377 2962 444 3005 cum
466 2944 557 3006 Troas
579 2966 682 3009 saevos
704 2948 786 3010 ducis
809 2949 943 3010 Hectoris
965 2948 1008 3010 ira

256 3041 359 3101 Videre
381 3043 412 3103 in
435 3044 542 3105 classes
566 3044 683 3108 inimica
706 3056 808 3108 mente
831 3048 965 3126 Pelasgas

257 3138 382 3201 Vulnera
404 3143 460 3202 tela
485 3161 573 3204 neces
596 3143 679 3222 ignes
703 3145 815 3207 inferre
837 3152 962 3226 paratos.

155 3268 199 3328 nd
221 3270 316 3331 videre
332 3269 498 3334 subiectum
515 3274 590 3334 trahi
613 3291 675 3335 non
690 3283 788 3354 polest
803 3273 861 3336 nisi
877 3275 962 3336 litore
978 3273 1047 3352 (nec
1062 3282 1162 3335 tamen
1178 3271 1306 3353 liquor);

126 3357 131 3367 ’
155 3368 254 3448 itaque
281 3388 378 3431 soenes
407 3390 462 3450 pro
489 3376 569 3433 saevi
594 3373 722 3435 scribere
751 3391 873 3434 necesse
901 3374 971 3449 luit3
1005 3373 1071 3434 ideo
1104 3391 1157 3453 pro
1181 3381 1304 3451 praeter

156 3477 296 3554 corrupto
326 3487 418 3530 sensu
445 3479 527 3532 caret
554 3473 631 3551 quod
660 3480 826 3552 posuerunt
850 3481 978 3551 propter.
1030 3471 1114 3544 Quod
1143 3470 1169 3530 si
1197 3469 1306 3532 Plurimi

156 3565 242 3628 litora
275 3568 466 3648 probabiliter
498 3572 583 3650 posui
618 3572 675 3632 iam
713 3590 775 3632 non
807 3573 918 3632 frustra
953 3571 1065 3631 Statius
1098 3569 1128 3630 in
1163 3568 1304 3631 manibus

155 3665 290 3726 tonuisse
324 3666 452 3763 Culicem
488 3669 636 3732 ridebitur
669 3670 720 3750 qui
753 3669 833 3731 idern
867 3668 1003 3749 posuerit
1035 3667 1138 3730 hebill.
1163 3665 1304 3741 1v.28‚

156 3763 323 3824 nume

239 3863 350 3924 Eadem
374 3865 524 3944 anaphora
547 3885 572 3926 e.
588 3885 615 3945 g.
640 3867 727 3930 etiam
752 3867 784 3928 in
806 3866 906 3946 Elegia
929 3866 961 3927 in
983 3865 1181 3927 Maecenatem
1198 3883 1225 3926 v.
1242 3862 1302 3927 95:

160 3960 255 4021 Victus
277 3971 339 4022 oret
360 3965 504 4043 vietusque
526 3974 620 4026 motet.
666 3966 724 4028 Sed
748 3965 841 4027 multe
864 3965 957 4044 magis
983 3964 1074 4026 etiarn
1094 3963 1212 4024 infracti
1235 3983 1302 4027 ser·

155 4060 253 4121 monis
277 4079 341 4121 esse
364 4062 500 4123 credatur
523 4063 571 4123 ubi
595 4074 620 4125 et
642 4065 852 4144 interponitur,
877 4064 957 4124 velut
978 4061 1089 4124 ibidem
1105 4081 1130 4121 v.
1149 4060 1205 4122 97:

255 4158 402 4238 Tempora
427 4160 603 4240 dispensant
625 4181 697 4223 usus
720 4171 750 4223 et
770 4170 907 4241 tempora
929 4162 1034 4232 cultus,

154 4271 241 4347 quale
264 4278 309 4331 est
331 4271 421 4332 etiam
444 4273 521 4351 apud
545 4273 707 4334 Martialem
723 4272 761 4333 lll
777 4270 834 4334 89:

257 4369 345 4431 Utere
367 4371 489 4433 lactucis
513 4380 543 4432 et
568 4371 706 4433 mollibus
728 4378 812 4432 utere
836 4371 954 4446 rualuisq
