2924 5018
605 304 849 368 -177-

158 480 285 542 occurrit
306 480 386 542 inter
408 479 569 542 medicinas
585 479 669 553 Plini,
684 481 761 561 apud
775 479 983 552 Xenocratem,
1006 482 1084 561 apud
1100 480 1295 556 Athenaeum,

156 579 227 641 item
243 579 420 660 Hesychius:
444 575 565 660 βάκχος
577 623 584 640 .
598 624 627 640 ..
651 575 684 642 oi
707 577 744 641 δὲ
765 577 872 662 φανὸν
886 566 1059 657 λέγαασιν,’
1077 575 1109 642 oi
1131 578 1169 642 δὲ
1186 577 1295 660 ἰχθύν.

157 676 250 739 Porro
271 695 416 741 ¹corvus
444 695 545 740 rarum
576 694 687 741 nomen
715 678 794 740 idem
822 687 910 759 atque
932 688 1105 758 κορακῖνος
1127 697 1193 741 esse
1216 679 1296 741 credi

156 776 232 836 solet
265 775 412 856 habetque
439 778 567 839 colorem
593 776 672 839 corvi
696 777 814 857 nigrum
843 776 962 857 (Athen.
983 797 1011 856 p.
1028 771 1135 840 adab.
1170 777 1294 857 Oppian.

156 873 168 934 l
187 872 275 948 133);
302 876 411 937 mirum
433 883 536 938 tamen
558 885 603 937 est
624 876 701 938 hanc
723 874 947 957 explicationem
970 875 1099 938 nominis
1122 875 1237 956 neglegi
1251 874 1296 936 'ab

157 972 308 1035 Athenaeo
323 993 352 1054 p.
368 973 430 1036 309
442 978 476 1037 Α.
499 975 669 1056 ‘Hesychius
684 983 857 1058 κορακῖνον
879 994 902 1037 s.
919 995 946 1035 v.
963 973 1130 1058 σαπέρδης
1152 976 1296 1043 nominat,

156 1080 288 1134 ceterum
304 1073 393 1136 babet
407 1069 508 1156 κόραξ
522 1119 530 1134 .
543 1118 572 1135 ..
588 1074 643 1135 καὶ
667 1072 767 1152 ἰχθὺς
789 1069 905 1148 παιόςς
926 1081 1015 1155 atque
1028 1073 1109 1154 quod
1132 1073 1169 1135 de
1190 1074 1296 1134 eodem

156 1169 289 1250 Diphilus
313 1173 383 1234 dicit
405 1172 481 1253 apud
505 1173 611 1236 Athen.
627 1192 656 1254 p.
674 1172 771 1234 35on
794 1172 848 1235 καὶ
877 1168 896 1235 ὁ
923 1169 1025 1256 κόραξ
1047 1168 1175 1257 ἱέρακος
1197 1171 1297 1253 orsiq-

157 1266 287 1353 ρόιερος
310 1272 422 1352 optime
444 1273 502 1335 hoc
523 1273 658 1352 congruit
680 1291 748 1333 cum
771 1271 856 1335 Celso
878 1273 930 1352 qni
952 1290 1073 1336 corvum
1102 1272 1191 1335 habet
1217 1270 1297 1333 inter

156 1369 250 1449 pisces
273 1370 367 1432 duros
378 1370 404 1433 ll
422 1369 468 1433 18.

241 1467 364 1531 Gravior
390 1470 517 1532 tortasse
544 1468 692 1550 aliquanto
720 1471 909 1548 congruentia
932 1470 1013 1532 haec.
1057 1470 1092 1531 ln
1117 1485 1196 1530 nono
1218 1468 1297 1529 Plini

156 1566 232 1629 libro
255 1569 344 1649 piscis
368 1578 550 1633 memoratur
573 1588 662 1631 z-eus
690 1569 734 1630 vel
759 1569 862 1631 faber
883 1574 914 1645 (ᾧ
936 1568 1004 1644 68);
1032 1576 1120 1648 atque
1141 1567 1224 1630 faber
1246 1567 1296 1648 qui

155 1681 241 1728 rarus
274 1677 394 1731 vocatur
426 1669 457 1730 in
480 1666 709 1730 Halieuticorum
733 1668 864 1729 carmine
889 1667 967 1730 idom
989 1667 1028 1729 sit
1050 1675 1139 1748 atque
1160 1662 1296 1746 χαλκεὺς

156 1765 297 1828 Athenaei
312 1784 341 1846 p.
358 1764 419 1827 318
435 1775 464 1829 et
480 1766 628 1847 Oppianil
645 1764 713 1838 133,
730 1785 797 1827 zeus
813 1783 883 1827 vero
898 1765 985 1827 etiam
1001 1765 1096 1827 rarius
1112 1781 1223 1826 nomen
1239 1771 1297 1834 est;

156 1863 214 1924 iam
238 1864 269 1926 in
291 1866 420 1942 catalogo
442 1872 546 1926 nostro
568 1864 735 1926 invenimus
757 1863 857 1945 potius
879 1883 946 1927 zoes
968 1865 1014 1925 vel
1034 1863 1066 1925 in
1088 1861 1298 1944 Bambergensi

155 1967 230 2028 zois,
273 1981 348 2042 quae
383 1962 519 2024 firmatur
553 1982 568 2024 a
607 1962 765 2025 Columella
802 1963 947 2044 scriptura
987 1962 1134 2043 siquidem
1178 1962 1298 2042 scripsit

155 2062 213 2122 istc
227 2061 290 2134 Vlll
308 2061 356 2133 16,
373 2061 406 2122 9:
440 2071 472 2121 ut
493 2061 622 2122 Alontico
647 2062 734 2141 fabar
760 2065 810 2142 qui
828 2072 856 2124 et
876 2066 908 2124 riv
929 2067 1027 2124 nostro
1052 2060 1176 2124 Gadium
1196 2064 1296 2122 muni-

157 2163 228 2240 cipio
240 2162 461 2239 generosissimis
472 2160 596 2238 piscibus
611 2161 821 2221 adnumeratur
842 2180 959 2241 eumque
978 2163 1076 2240 prisco
1095 2161 1296 2221 coonoetadv'oe

157 2277 259 2319 zucam
281 2256 338 2336 (vel
360 2258 476 2337 zedam)
499 2258 652 2339 appellant.
697 2258 873 2338 Hesychius:
908 2256 1010 2331 ζαιός·
1043 2256 1132 2331 εἶδος
1167 2254 1296 2337 ἰχθύος.

159 2357 299 2437 Sequitur
320 2366 353 2420 ut
375 2358 500 2420 Pliniani
522 2362 585 2420 zoas
607 2376 751 2420 numerus
774 2376 837 2420 non
858 2359 978 2439 pluralis
1000 2359 1040 2420 sit
1061 2368 1200 2439 recteque
1219 2357 1298 2419 Silli-

156 2456 223 2535 gius
246 2456 359 2517 dederit
379 2456 465 2536 soher
492 2460 550 2518 sabe
577 2475 664 2519 zoeas
685 2475 773 2537 quem
802 2474 961 2518 numerum
995 2458 1174 2536 singularem
1209 2457 1295 2518 etiam

157 2554 419 2616 accomodatiorem
453 2564 514 2617 tam
548 2573 614 2617 raro
643 2554 715 2636 pisci
743 2555 878 2617 dixerim.
922 2555 955 2615 ln
978 2572 1059 2616 nono
1087 2562 1189 2616 antem
1221 2555 1296 2616 libro

156 2671 226 2716 zeus
247 2656 333 2734 plane
355 2674 371 2717 a
393 2654 513 2716 librario
535 2652 722 2734 'suppositum
746 2662 791 2716 est
813 2672 867 2734 pro
889 2672 987 2716 accus.

242 2752 420 2815 Rarissimus
442 2753 514 2815 item
537 2752 586 2814 ille
608 2751 712 2834 quiin
734 2753 864 2832 catalogo
888 2751 995 2815 dicitur
1016 2751 1168 2814 lamirus
1191 2751 1298 2832 (prima

159 2868 248 2913 manu
271 2852 303 2913 in
325 2851 388 2914 cod.
404 2853 442 2914 B:
476 2851 636 2929 lamnarum
669 2852 793 2914 eandem
827 2851 1004 2931 scripturam
1025 2849 1185 2912 llalieutica
1207 2850 1298 2913 latina

155 2949 300 3030 praebent
314 2951 434 3013 lomiros
449 2951 659 3013 terminatione
673 2969 785 3031 graeca,
807 2948 860 3013 ubi
881 2949 1011 3030 lampsaco
1025 2949 1159 3012 licentiae
1174 2948 1299 3011 Gesneri

157 3048 290 3112 debetur.
328 3052 425 3133 htque
446 3050 483 3111 de
506 3051 629 3112 nomine
649 3050 714 3131 ipso
735 3050 862 3112 ‹lixinms
877 3069 905 3130 p.
925 3048 994 3110 116.
1031 3049 1145 3110 Eodem
1167 3049 1299 3110 carmine

158 3157 188 3211 et
219 3149 251 3210 in
284 3149 382 3212 arenis
416 3150 523 3228 degere
555 3149 678 3212 lamirus
705 3149 803 3211 lertur
824 3156 854 3210 et
876 3148 996 3210 smaridi
1018 3147 1223 3228 similibusque
1246 3149 1299 3209 ad·

158 3248 306 3327 iungitur3
328 3242 473 3310 similibus
497 3248 664 3325 (trachurus
687 3249 766 3311 enim
789 3249 821 3310 in
844 3248 942 3311 arenis
965 3248 1070 3326 degere
1093 3246 1200 3310 dicitur
1223 3247 1297 3327 Opp.

158 3347 170 3407 l
186 3345 240 3426 99)
256 3343 392 3427 λάριμος
407 3346 576 3426 adiungitur
591 3347 668 3427 apud
686 3346 856 3427 Oppianum
871 3347 909 3408 lll
926 3345 1006 3419 399;
1028 3345 1126 3426 itaque
1141 3344 1298 3424 pisciculus

159 3444 316 3526 utrobique
338 3445 416 3506 idem
441 3453 471 3507 et
494 3464 572 3507 unus
600 3445 655 3506 dici
678 3454 758 3506 recte
788 3444 867 3506 visus
890 3451 942 3506 est.
986 3444 1051 3518 Quo
1083 3443 1169 3505 etiam
1200 3444 1298 3505 minus

158 3543 273 3605 abicere
296 3545 397 3605 deceat
423 3544 579 3606 lectionem
603 3544 784 3624 Oppianeam
800 3539 946 3624 λάριμος
981 3541 1120 3604 omnibns
1152 3543 1299 3605 firmatam

159 3643 364 3722 manuscriptis
379 3642 430 3720 (cf.
445 3642 537 3703 schol.
553 3643 588 3704 ad
604 3642 637 3721 l.)
654 3649 771 3731 ppaeter
788 3659 881 3703 unum
896 3640 989 3702 Paris.
1005 3639 1018 3700 1
1033 3639 1084 3701 ubi
1099 3648 1144 3703 est
1164 3639 1300 3723 λαρινόν

159 3745 219 3825 (γρ.
236 3738 399 3823 λάριμον).
437 3738 531 3801 Simul
553 3739 681 3801 formam
703 3732 836 3822 λαρινος
856 3738 981 3820 Hesychi
1003 3739 1161 3801 auctoritas
1183 3749 1297 3803 tuetur:

159 3837 307 3920 λάρινος·
343 3835 442 3918 ἰχθύς
464 3834 571 3912 ποιός.
615 3837 717 3920 ltaque
750 3846 780 3900 et
811 3834 949 3921 λαρινόν
970 3836 1073 3899 Graeci
1095 3845 1139 3900 ot·
1158 3836 1299 3921 λα’ριμον

158 3939 301 4000 vocabant
333 3938 517 4018 alterumque
545 3938 623 4017 apud
646 3938 795 3999 Romanos
819 3937 912 4016 magis
940 3935 972 3997 in
1007 3933 1149 4019 λάμιραν
1171 3936 1299 4000 abiebat.

159 4036 353 4117 coniungitur
375 4035 464 4116 piscis
485 4037 562 4117 apud
586 4037 752 4116 Oppianum
768 4037 787 4098 l.
803 4036 821 4097 l.
837 4053 905 4097 cum
927 4034 1107 4097 chalcidibus
1129 4044 1160 4097 et
1181 4036 1298 4097 thrissis

159 4147 189 4199 et
216 4135 360 4198 tracburis
388 4135 468 4215 iique
500 4151 606 4195 omnes
628 4135 798 4196 catervatim
820 4143 963 4212 vagantur
985 4133 1108 4226 capique
1130 4135 1300 4197 catervatim

159 4237 314 4310 videntum
346 4234 418 4295 hinc
449 4234 603 4313 parvulum
637 4235 747 4312 piscem
781 4233 874 4294 luisse
906 4232 1065 4311 colligitur;
1099 4233 1217 4313 parvula
1251 4234 1300 4294 ni·

161 4336 267 4396 mirum
303 4333 410 4396 chalcis
433 4349 552 4413 quoque
585 4342 615 4395 et
647 4351 713 4394 cum
748 4350 853 4394 maena
884 4333 1040 4394 coniuncta
1063 4330 1185 4409 (Aeliani
1200 4332 1212 4393 l
1230 4329 1299 4406 ’18);

160 4434 238 4494 idem
262 4434 317 4494 luit
339 4452 393 4494 cnr
415 4434 504 4495 stiam
525 4433 605 4511 apud
621 4432 757 4493 Ovidium
778 4432 883 4493 falsum
907 4450 965 4492 una
988 4439 1172 4511 ponerentur
1194 4449 1299 4495 moena

212 4533 299 4584 Birt,
318 4533 348 4577 de
362 4533 505 4577 halieutieis.
1108 4531 1142 4588 12
