2924 5018
610 256 854 320 —105-

157 434 265 497 decimi
288 451 350 494 non
373 433 507 495 cernitur
528 432 586 493 nisi
609 438 697 511 caput
720 430 781 502 Sr'o,
805 450 907 494 versus
930 442 1029 494 autem
1054 432 1150 512 quinti
1174 440 1203 492 et
1225 432 1303 493 vice-

156 535 225 596 simi
248 552 311 595 non
333 531 391 593 nisi
407 532 537 593 clausula
559 535 590 593 io
617 549 715 600 aoros,
739 532 808 592 inde
824 533 1016 612 archetypum
1033 532 1103 593 olim
1120 530 1303 594 continuisse

155 636 188 695 in
210 632 319 713 pagella
343 648 535 711 unaquaque
558 649 659 692 versus
681 630 742 691 fere
759 630 928 708 quindecim
952 631 1055 693 eadem
1077 630 1303 693 ratiocinatione

156 732 290 810 colligas3
319 748 474 792 sumamus
496 748 636 792 versuum
660 730 820 791 fluctuasse
846 730 925 791 inter
950 731 989 791 ll
1012 737 1042 792 et
1067 732 1105 791 15
1129 749 1304 804 numerum3

155 849 312 895 sumamus
334 830 405 891 item
430 829 509 909 quod
532 829 594 890 veri
619 828 804 889 simillimum
838 835 882 888 est
916 828 1069 890 mutilatos
1103 829 1168 890 illos
1201 847 1304 890 versus

154 929 308 991 decimum
330 936 362 988 et
383 927 555 988 vicesimum
577 926 716 1005 quintum
732 926 860 1006 pagellae
875 927 987 1006 primae
1009 927 1190 1006 alteriusque
1212 927 1303 988 fixisse

156 1027 281 1090 ultimos
316 1035 346 1087 et
373 1026 409 1089 ad
431 1026 596 1105 marginem
629 1026 800 1088 inferiorem
835 1026 1005 1105 proximos;
1038 1026 1142 1089 tertiae
1175 1028 1304 1106 pagellae

156 1126 281 1188 ultimus
311 1125 414 1187 evadet
436 1145 463 1186 v.
487 1124 537 1198 39,
569 1133 691 1204 quartae
714 1145 741 1185 v.
762 1125 812 1196 54,
836 1125 957 1204 quintae
980 1145 1007 1186 v.
1030 1125 1069 1186 07
1094 1126 1304 1205 (repetebatur

155 1225 235 1287 enim
260 1243 286 1286 v.
307 1223 348 1283 52
375 1231 445 1303 post
466 1242 491 1283 v.
515 1222 577 1302 bl),
605 1223 734 1302 denique
758 1244 783 1283 v.
804 1222 842 1285 81
871 1229 970 1285 sextae
995 1223 1210 1302 paenultimos‚
1237 1232 1305 1304 post

154 1343 249 1404 quem
270 1321 418 1386 interiisse
441 1338 535 1382 unum
559 1340 678 1383 versum
702 1321 816 1400 (sextae
838 1341 906 1384 enm
930 1322 1059 1401 pagellae
1082 1321 1232 1397 ultimum)
1255 1322 1304 1383 in-

155 1423 307 1485 tellectum
325 1428 377 1483 cst.
415 1421 476 1482 lam
499 1440 569 1482 vero
592 1422 679 1482 etiam
697 1429 765 1501 post
781 1441 806 1481 v.
823 1419 864 1481 90
880 1422 1051 1483 hexameter
1073 1420 1188 1483 interiit
1211 1440 1304 1496 unus;

155 1523 257 1603 itaque
280 1521 369 1584 etiam
392 1538 496 1581 versus
520 1519 559 1580 90
582 1520 709 1599 pagellae
733 1520 875 1600 septimae
903 1521 941 1581 sit
964 1520 1173 1600 paenultimus.
1217 1521 1304 1583 Vides

156 1621 301 1701 septimae
333 1619 383 1681 isti
416 1635 477 1680 non
510 1618 678 1698 quindecim
712 1627 785 1699 quot
812 1637 866 1698 par
889 1626 950 1680 erat
980 1628 1074 1680 metra
1108 1619 1230 1681 concedi
1252 1619 1303 1680 sed

155 1737 266 1781 novem
287 1724 420 1793 tantum;
441 1716 541 1796 itaque
556 1716 611 1779 hac
633 1718 677 1779 via
700 1727 769 1798 post
784 1737 808 1778 v.
827 1717 868 1779 86
883 1725 935 1780 aut
950 1718 1081 1798 quinque
1105 1727 1157 1780 aut
1178 1737 1230 1780 sex
1252 1717 1305 1778 ab·

156 1824 260 1897 sorpta
286 1826 380 1878 metra
410 1815 671 1896 deprehendimus.
716 1817 745 1878 Si
772 1816 969 1897 perscriptum
996 1835 1100 1896 poema
1127 1817 1161 1878 in
1191 1817 1305 1894 singula

155 1915 261 1997 pagina
295 1915 442 1979 columnis
473 1913 551 1976 binis
583 1915 690 1986 fuerat,
725 1933 810 1977 versu
837 1916 873 1976 10
896 1915 1054 1977 liniebatur
1075 1916 1178 1996 pagina
1200 1916 1305 1996 prima,

158 2035 184 2077 v.
201 2014 242 2077 39
264 2015 402 2088 secunda,
425 2034 450 2075 v.
468 2013 508 2074 67
530 2014 627 2087 tertia,
651 2015 778 2095 denique
801 2015 832 2075 in
855 2021 960 2094 quarta
982 2014 1072 2077 simul
1094 2025 1124 2076 et
1147 2014 1185 2076 81
1211 2024 1241 2076 et
1263 2014 1303 2074 90

156 2112 331 2195 paenultimi
346 2112 526 2192 legebantur,
550 2112 645 2173 ultimi
661 2122 760 2175 autem
777 2113 836 2174 duo
853 2112 941 2174 simul
956 2112 1081 2176 abscissi
1104 2124 1185 2176 sunt.
1223 2114 1304 2186 Quae

157 2212 216 2274 nisi
240 2211 365 2273 celerior
381 2209 531 2273 conclusio
548 2210 662 2273 dicetur
684 2211 795 2287 (hiatus
811 2212 938 2273 duorum
954 2229 1095 2273 versuum
1115 2219 1185 2291 post
1200 2231 1225 2272 v.
1245 2212 1303 2272 127

156 2312 213 2373 bac
235 2309 279 2371 via
302 2326 362 2369 non
385 2309 554 2389 explicatur,
576 2309 625 2370 sed
650 2309 748 2388 potius
773 2310 893 2371 ultimus
910 2309 1048 2371 carminis
1065 2329 1167 2371 versus
1183 2311 1304 2372 ultimae

156 2410 289 2492 pagellae
313 2408 433 2469 ultimus
449 2407 542 2469 fuisse
558 2407 699 2469 dicendus
715 2408 795 2488 erit),
819 2409 897 2469 nacti
920 2409 979 2469 iam
1004 2427 1109 2470 sumus
1132 2416 1199 2488 post
1220 2429 1246 2469 v.
1263 2409 1303 2470 86
1404 2467 1405 2470 ,

156 2508 347 2572 intervallum
370 2507 440 2569 satis
457 2523 598 2586 magnum
615 2527 673 2587 quo
697 2526 772 2587 quae
796 2507 1003 2569 desiderantur
1026 2517 1188 2570 memorata
1211 2507 1304 2583 luisse

157 2606 323 2671 credamus.
367 2605 567 2684 Incipiehatur
589 2605 651 2666 fere
673 2604 729 2666 sic:

259 2723 359 2785 Pisces
383 2722 523 2784 observes
547 2722 617 2803 quid
640 2732 741 2784 ament
763 2742 796 2785 ac
818 2724 895 2785 dona
918 2724 1067 2800 locorum3

157 2848 269 2911 deinde
290 2848 390 2911 statim
412 2848 589 2910 addebatur:

260 2975 337 3035 Num
361 2992 448 3034 mons
471 2974 628 3036 horrentes
652 2975 790 3036 demittat
813 2975 918 3036 celsior
941 2974 1060 3036 umbras

258 3072 294 3145 ln
317 3090 398 3134 mare
421 3075 502 3148 (nam
526 3073 604 3135 varie
627 3074 771 3157 quaedam
794 3073 973 3152 fugiuntque
996 3076 1190 3154 petuntque);

156 3198 233 3260 talis·
259 3196 340 3258 enim
374 3197 560 3276 parenthesis
595 3198 631 3258 de
663 3217 721 3277 qua
756 3197 883 3259 diximus
906 3217 934 3277 p.
952 3197 993 3260 28
1016 3200 1082 3261 addi
1105 3217 1166 3260 non
1188 3208 1305 3279 poterat

156 3295 216 3358 nisi
238 3296 268 3357 in
290 3297 425 3374 exemplo
449 3295 590 3375 primore,
612 3296 742 3375 indeque
765 3296 854 3358 etiam
876 3296 1009 3359 ordinem
1033 3297 1141 3358 horum
1164 3316 1304 3358 versuum

156 3402 348 3476 praepostere
369 3395 508 3458 traditum
533 3413 597 3456 esse
619 3395 813 3473 intellegitur3
836 3407 901 3457 tum
923 3397 1124 3474 sequebantur
1138 3396 1304 3475 partitionis

157 3495 293 3557 membra
316 3493 416 3556 nescio
439 3512 499 3572 quo
522 3493 624 3555 ordine
646 3494 709 3554 fere
731 3501 873 3574 quattuor
895 3493 1016 3573 reliqua.

246 3592 349 3672 ltaque
373 3591 500 3672 Oppiani
527 3592 597 3675 licet
623 3592 736 3653 auxerit
763 3611 826 3652 rem
849 3599 950 3653 tamen
973 3592 1129 3654 consilium
1153 3599 1181 3653 et
1204 3592 1304 3672 dispo-

156 3691 227 3754 sitio
259 3692 325 3772 ipsa
358 3690 462 3752 similis
497 3690 523 3751 ei
555 3691 611 3751 fuit
637 3709 726 3769 quam
751 3688 912 3751 Ovidianus
936 3699 1024 3770 poeta
1047 3692 1216 3771 assumpsit.
1262 3693 1304 3752 Ne

157 3789 298 3854 umbram
326 3789 444 3870 quidem
473 3797 606 3851 amantes
633 3788 726 3867 ignoti
750 3788 886 3869 Oppiano
909 3798 1182 3871 suntquamquam
1205 3791 1304 3852 minus

157 3895 319 3952 occurrunt
340 3887 457 3967 inipso
480 3887 648 3969 χωρισμῷ.
693 3887 767 3949 Nam
790 3888 879 3948 1605
902 3888 982 3949 inter
1004 3908 1037 3950 ea
1060 3908 1135 3968 quae
1157 3890 1189 3950 in
1208 3891 1304 3950 Ponto

158 3987 286 4050 maxime
307 3988 441 4067 placeant
463 3986 572 4047 adsunt
604 3987 693 4048 etiam
716 3982 815 4067 ἄκραι
843 3989 989 4069 cerepum
1018 3988 1084 4049 ideo
1106 3989 1303 4066 hippurorum

115 4074 118 4079 ⁴
157 4089 298 4150 dicuntur
319 4081 410 4168 φῦλα
436 4081 597 4165 moldonea
619 4086 750 4159 1V4223
773 4094 862 4164 atque
885 4085 920 4146 de
943 4085 1081 4166 pompilis
1096 4086 1133 4146 lV
1149 4083 1225 4146 438:
1248 4083 1304 4144 καὶ

157 4185 221 4269 γὰρ
246 4192 318 4257 τοῖς
344 4184 420 4246 ἴσον
445 4177 522 4266 ἦτορ
539 4181 596 4245 ἐπὶ
613 4193 777 4266 antepedes
793 4179 957 4262 redderem
988 4186 1066 4247 unde
1081 4184 1116 4244 ad
1132 4204 1159 4244 v.
1175 4183 1214 4244 88
1231 4204 1303 4246 con-

157 4285 270 4347 iectura
294 4281 373 4344 Riesi
396 4282 507 4344 frustra
532 4301 598 4344 esse
622 4284 736 4345 dicetur
765 4284 852 4344 haec:
882 4283 961 4345 Nom
982 4302 1062 4346 moos
1089 4293 1226 4345 torrentes
1254 4285 1303 4345 de-

158 4387 252 4446 mittat
271 4383 372 4446 celsior
397 4384 491 4444 nodos
516 4382 600 4444 cuius
630 4402 667 4445 ne
690 4400 813 4444 sensum
837 4384 958 4464 quidem
981 4387 1181 4463 opportunum
1206 4384 1304 4460 video;
