2924 5018
605 251 880 329 -138--Ι

157 427 305 512 λολόνθη
327 427 383 491 καὶ
406 425 506 512 οφήξ·
536 425 592 489 καὶ
621 422 721 490 ταύτὸ
751 425 787 489 δὲ
808 429 901 505 γένος
930 423 1019 488 ἐστὶ
1048 425 1118 487 καὶ
1148 445 1309 507 πτερω·

156 526 226 590 τὸν
262 527 328 590 καὶ
359 523 537 609 ἄπτερον
567 523 656 589 οἷον
685 517 890 609 μύρμηκάς
919 525 1003 588 alas
1026 545 1088 606 eqs.
1135 525 1211 587 Vide
1242 526 1309 589 lati·

158 647 231 690 num
254 628 430 708 scriptorem
453 636 483 689 et
506 626 667 707 parciorem
691 635 720 688 et
749 636 850 688 tamam
871 626 943 689 adeo
972 634 1053 689 carte
1079 642 1186 704 graeco
1217 625 1309 689 obse-

157 735 299 808 quentem
322 735 356 788 ut
376 744 430 806 pro
451 736 484 788 ut
506 729 568 788 iuri
592 725 748 788 restituere
774 726 861 805 plane
884 725 987 787 liceat:
1016 735 1050 787 at
1070 724 1135 785 iuli.
1179 723 1215 785 ld
1240 743 1308 787 vero

157 827 312 888 temerarie
344 825 428 896 lecit,
463 825 542 905 quod
578 825 663 887 etiam
698 825 857 905 pedibus
885 841 984 886 carere
1005 823 1084 885 iulos
1104 822 1200 886 dixit:
1237 831 1308 886 sunt

157 926 238 987 enim
261 925 361 1007 potius
383 924 561 1004 multipedes
586 925 634 998 (of.
650 924 772 986 Aristot.
788 943 817 1005 p.
834 913 927 985 6828
942 922 983 999 3).
1021 923 1083 985 lam
1105 930 1193 985 tenes
1218 922 1310 1003 igitur

156 1025 282 1087 Romani
316 1023 467 1104 scriptoris
501 1022 613 1085 indocti
646 1022 905 1103 interpolationem
927 1022 1018 1084 talem
1040 1040 1116 1102 quae
1139 1021 1309 1085 absurdum

156 1124 228 1185 illud
251 1121 419 1203 quibasdam
440 1131 539 1184 ternae
561 1123 638 1202 apud
660 1122 789 1185 Plinium
812 1121 851 1183 lX
867 1121 906 1182 73
923 1121 973 1199 (cl.
988 1121 1076 1183 trist.
1092 1141 1120 1202 p.
1139 1120 1238 1183 4898
1253 1119 1309 1202 24)

156 1231 237 1284 recte
258 1221 335 1284 tradi
357 1223 535 1302 persuadeat
558 1221 636 1301 quod
660 1221 754 1285 eioere
774 1221 844 1283 inde
866 1221 903 1282 ab
924 1220 1076 1283 Harduino
1097 1219 1238 1283 invaluit.
1273 1287 1277 1293 ,

241 1321 378 1384 Irasceris
400 1321 480 1402 quod
502 1322 639 1383 licentius
664 1321 709 1382 vel
732 1339 838 1400 parum
872 1321 958 1382 docte
991 1321 1046 1381 has
1078 1338 1126 1382 res
1162 1326 1309 1385 tractasse

156 1421 289 1500 Trogum
305 1421 481 1500 Pompeium
497 1455 536 1464 -—
554 1422 642 1482 modo
664 1437 703 1483 ne
724 1420 779 1482 ista
802 1420 839 1482 de
860 1439 916 1481 suo
932 1419 1044 1483 Plinius
1066 1419 1160 1483 fuerit
1182 1418 1238 1500 qui
1260 1419 1308 1481 iu·

156 1521 311 1582 iceret-
333 1520 525 1601 arguerimus.
565 1520 679 1582 Tamen
701 1520 809 1582 erroris
831 1519 985 1582 cuiusdam
1007 1535 1096 1600 quem
1117 1518 1310 1585 commiserit

156 1619 271 1700 Trogus
297 1619 368 1682 satis
387 1619 511 1689 'ridiculi
540 1620 622 1682 testis
645 1619 758 1683 Plinius
787 1617 1023 1689 uideturll117‚
1053 1617 1202 1697 siquidem
1227 1618 1309 1681 huno

156 1737 275 1800 quoque
298 1718 396 1781 locum
419 1738 455 1781 ex
478 1720 575 1800 Trogo
596 1719 717 1782 fluxisse
738 1718 900 1800 plausibilis
923 1717 1108 1781 Gutschmidi
1129 1716 1307 1783 coniectura

157 1828 213 1882 est.
251 1819 448 1899 Summopere
470 1828 572 1881 tamen
594 1819 789 1899 improbabile
811 1819 877 1881 dieo
899 1818 978 1901 quod
995 1818 1100 1881 doctus
1115 1816 1197 1881 idem
1221 1834 1308 1881 οπο·

156 1918 197 1980 ris
219 1917 342 1980 crimine
363 1917 493 1998 Trogum
515 1917 693 1980 liberaturus
714 1919 746 1980 in
768 1919 917 1981 sententia
939 1918 1009 1981 hae:

258 2043 414 2124 Dionysius
437 2043 518 2124 prior
533 2042 647 2106 Siciliae
663 2051 806 2124 tyrannus
829 2045 951 2124 Regium
975 2043 1004 2104 in
1027 2042 1133 2104 urbem
1149 2040 1310 2104 transtulit

258 2161 306 2204 eas
329 2141 360 2221 (i.
383 2161 407 2204 e.
430 2143 576 2222 platanos)
600 2143 707 2206 domus
730 2162 801 2206 suae
823 2143 1013 2215 miraculum,
1040 2140 1092 2202 ubi
1113 2148 1222 2220 postea
1245 2143 1307 2203 tae-

258 2250 323 2304 tum
345 2241 548 2323 gymnasium3
582 2261 637 2303 nec
669 2242 804 2322 potuisse
835 2243 866 2303 in
893 2232 1119 2323 amplitudinem
1142 2256 1308 2319 augescere

259 2349 310 2403 aut
332 2340 402 2402 alias
425 2340 519 2404 luisse
542 2341 572 2403 in
587 2342 669 2403 ltalia
692 2360 726 2402 ae
741 2340 919 2403 nominatim
934 2339 1073 2420 Hispania
1096 2336 1176 2418 apud
1201 2346 1307 2401 aucto

257 2459 306 2502 res
329 2438 482 2502 invenitur

159 2598 211 2659 pro
234 2579 375 2660 Hispania
397 2579 473 2641 male
501 2597 573 2640 sano
596 2595 658 2640 non
683 2578 890 2658 Theophrasto
919 2578 993 2640 duce
1021 2576 1164 2657 scriptum
1189 2578 1308 2659 maniat

158 2678 251 2740 luisse
265 2679 402 2758 sumpsit,
419 2678 469 2739 sed
488 2675 657 2758 Cispadane.
687 2677 795 2740 Parum
813 2695 860 2738 me
875 2676 900 2738 si
916 2676 1000 2738 audis
1015 2674 1154 2737 feliciter:
1171 2694 1214 2738 an
1228 2678 1308 2739 torta

158 2777 238 2839 ltalia
260 2778 360 2839 minus
382 2789 516 2838 nomen
542 2784 586 2837 est
608 2795 696 2856 quam
720 2773 908 2856 Cispadane?
934 2784 1022 2855 atque
1045 2793 1117 2836 num
1140 2773 1306 2856 quidquam

158 2876 282 2956 aliquo
316 2877 398 2937 loco
429 2874 652 2936 nominatim
683 2893 764 2937 esse
786 2875 874 2937 latine
897 2875 952 2936 diei
975 2875 1015 2936 ita
1038 2872 1156 2953 poterit,
1187 2882 1306 2936 utnon

158 2974 251 3054 ipsius
273 2974 328 3043 rei,
354 2973 406 3033 sed
428 2972 485 3034 loci
508 2986 619 3034 nomen
640 2971 854 3053 promittatur?
899 2972 977 3033 Nihil
998 2980 1097 3033 autem
1121 2972 1216 3051 magis
1237 2989 1308 3054 per·

158 3072 293 3153 spicuam
310 3088 398 3152 quam
414 3080 589 3152 corruptum
604 3083 656 3134 αα
670 3092 734 3134 esso
750 3073 830 3153 quod
845 3072 953 3144 anteit3
972 3071 1071 3150 itaque
1086 3070 1177 3132 simul
1192 3071 1219 3133 si
1234 3091 1307 3136 sen-

159 3171 233 3234 seris
249 3190 336 3252 quam
349 3189 439 3251 prave
455 3178 484 3232 et
498 3175 531 3232 in
545 3172 761 3250 amplitudinem
776 3188 925 3252 augescere
940 3178 971 3232 et
985 3171 1060 3231 alias
1070 3171 1160 3250 [abac
1173 3175 1208 3233 in
1219 3168 1307 3235 Italia

158 3270 304 3334 sententia
340 3289 399 3333 una
428 3270 684 3350 constringantur,
723 3288 784 3331 non
815 3270 927 3349 poteris
954 3287 1017 3331 non
1056 3268 1096 3330 ita
1133 3287 1305 3333 sermonem

158 3372 348 3451 distringere:
387 3389 439 3433 nec
464 3374 588 3451 parnasse
622 3375 654 3431 in
683 3370 897 3449 amplitudinem
926 3386 1075 3449 augescere
1104 3372 1202 3445 amq
1232 3369 1307 3433 aas

157 3473 248 3550 fuisse
276 3474 307 3531 in
336 3469 422 3532 ltalia
451 3490 484 3532 ac
512 3473 684 3532 nominatim
719 3472 835 3549 spanias
869 3468 946 3550 apnd
982 3480 1111 3533 auctores
1145 3471 1306 3533 inuenitur.

159 3569 309 3649 Scriptum
333 3578 379 3630 est
401 3569 480 3631 enim
504 3569 582 3650 apud
604 3567 841 3647 Theophrastum
866 3567 902 3628 IV
918 3570 948 3641 5,
963 3567 999 3629 6:
1023 3564 1059 3629 ἐν
1084 3564 1144 3649 μὲν
1172 3564 1238 3652 γὰρ
1259 3568 1306 3651 aqi

154 3662 271 3749 'Adplqc
294 3662 503 3732 πλάτανον
525 3664 714 3750 οὔφασιν
736 3664 823 3727 εἶναι
847 3662 933 3748 πλὴν
956 3663 1033 3747 περὶ
1055 3662 1094 3729 τὸ
1111 3663 1306 3751 Διομήδους

159 3757 265 3849 ἱερόν·
297 3767 482 3829 σπανίαν
511 3761 549 3827 δὲ
577 3765 634 3827 καὶ
664 3763 699 3828 ἐν
726 3752 850 3843 Ἰταλίᾳ
880 3761 972 3849 πάσῃ
996 3785 1056 3846 eqs.

244 3864 338 3925 Porro
360 3873 571 3945 comparentur
592 3864 671 3926 inter
686 3883 717 3924 se
732 3864 809 3926 Plini
833 3865 859 3926 X
874 3864 914 3925 25
939 3874 968 3927 et
983 3863 1149 3926 Aristotelis
1164 3882 1194 3945 p.
1211 3862 1305 3927 soah

162 3966 290 4045 lbsqq.:

159 4100 248 4168 ὁδὲ
278 4097 425 4174 κόκκυξ
453 4099 617 4181 λέγεται
643 4100 717 4185 μὲν
744 4103 884 4182 Gooopx
927 4101 1075 4164 videtur
1119 4120 1158 4164 ex
1202 4103 1305 4166 acci·

159 4197 401 4276 dadasvoavoia
416 4199 718 4284 pseudoisidori}
744 4203 840 4284 pitre
883 4202 984 4274 lieri,
1025 4210 1194 4282 tempore
1231 4202 1305 4265 anni

160 4300 320 4386 ἱέρακος
349 4300 421 4365 διὰ
449 4301 491 4365 τὸ
520 4296 716 4385 depastis·
745 4303 858 4380 (eadem
875 4320 928 4363 vox
945 4299 1305 4372 1x162,x80netorte

161 4403 265 4464 σθαι
280 4401 349 4466 τὸν
365 4398 717 4487 ἱέρακαπερὶτοῦ-
745 4414 870 4483 tempore
892 4401 1015 4464 asmodi
1034 4398 1178 4482 conicias)
1201 4399 1305 4482 ligu-
