2924 5018
618 309 663 321 ..
710 275 841 363 ⁷⁰,-

159 451 234 515 Item
257 451 408 532 Oppianus
422 450 462 512 111
481 448 539 510 128
555 469 636 530 sqq.:

263 567 436 657 Λάβραξ
460 569 491 637 δ’
512 569 683 652 άγκίστοιο
708 571 824 647 τυπεὶς
849 572 1034 654 εόκαμπέος
1059 573 1163 661 αἰχμῇ

259 666 383 756 όψόσ
407 667 683 755 ἀναθρώσκων
709 668 889 755 κεφαλήν
916 667 1031 754 ἀζηχὲς
1056 669 1218 754 ἐρείδει

259 765 341 857 αὐτῇ
367 768 402 832 ἐν
424 766 525 857 όρμιῇ
550 772 808 853 βεβιημένος,
837 767 946 854 όφρα
973 767 1013 832 οἱ
1040 769 1157 843 ἐλκος

261 864 482 951 εόρότερόν
507 891 541 930 τε
562 871 725 947 γένοιτο
751 865 808 930 καὶ
831 866 1029 952 ἐκφογέχσιν
1055 865 1208 952 όλεβρον.

161 994 236 1056 Item
248 994 424 1056 Plutarchus
435 1013 462 1073 p.
477 993 538 1054 977
551 992 600 1054 B.:
626 984 646 1056 ό
661 992 704 1055 δέ
718 989 908 1076 λάβραξ..
923 1039 930 1054 .
945 1039 952 1054 .
979 987 1057 1055 όταν
1073 995 1239 1076 περιπέσῃ
1261 994 1313 1079 τῷ

161 1089 325 1176 ἀγκίστρῳ
365 1088 572 1172 βελουλκεῖ
605 1092 649 1178 τῇ
682 1090 799 1172 δεῦρο
835 1086 947 1169 κᾷκεῒ
980 1088 1227 1173 παραλλάξει
1267 1112 1313 1154 τε

162 1188 332 1272 κεφαλῆς
351 1184 576 1271 ἀνευρύνων
595 1188 637 1251 τδ
656 1188 808 1271 τραῦμα
828 1186 884 1251 καί
904 1187 960 1251 τόν
974 1186 1010 1250 ἐκ
1024 1187 1086 1252 τοῦ
1105 1189 1314 1272 σπαραγμοῦ

162 1285 267 1352 πόνον
292 1283 469 1370 ὑπομένων
494 1283 606 1369 ἄχρις
632 1283 677 1350 όν
703 1284 854 1370 ἐκβάλῃ
881 1285 922 1348 τό
950 1283 1135 1368 ἄγκιστρον.

247 1387 291 1448 dd
320 1384 441 1468 ἐρείδει
471 1388 551 1466 apud
581 1377 747 1467 Oppianum
777 1385 934 1448 scholiasta
964 1385 1096 1465 scripsit:
1134 1383 1313 1466 ἐμβάλλει,

160 1477 238 1548 aaut
263 1485 322 1547 τοῦ
346 1485 506 1562 γενναίως
531 1481 697 1566 ἐπερείδει
716 1482 775 1565 τὴν
796 1481 942 1567 κεφαλὴν
960 1484 1006 1566 τῷ
1032 1479 1197 1568 ἀγκίστρῳ
1223 1482 1314 1567 πρός

161 1580 200 1647 τὸ
227 1577 409 1666 monaque»
435 1579 495 1663 τὴν
521 1580 651 1664 πληγὴν
676 1574 732 1643 καὶ
759 1579 911 1654 ἐξελθεῖν
936 1579 972 1644 τό
994 1578 1180 1663 ἄγκιστρον.
1220 1583 1313 1645 Vides

163 1688 264 1742 autem
294 1681 372 1742 inter
401 1687 539 1743 auctores
569 1690 630 1742 tres
660 1693 722 1742 nnn
753 1682 849 1743 solum
878 1682 966 1744 rerba
996 1680 1182 1742 concinentia
1217 1682 1311 1744 etiarn

164 1777 334 1853 minutiora,
356 1781 408 1841 sed
428 1787 520 1840 totam
542 1780 646 1840 eadem
661 1781 777 1841 ratione
802 1780 1017 1842 conformatam
1033 1778 1188 1859 periodum
1205 1777 1311 1843 ultima

161 1886 244 1957 parte
269 1877 390 1939 inducta
416 1877 528 1939 voculis
559 1879 629 1939 dum
658 1872 747 1960 ὄφρα
772 1873 876 1959 ἄχρις.
920 1877 1043 1939 Latinus
1069 1895 1139 1938 vero
1169 1877 1311 1939 inertiam

163 1994 247 2037 suam
266 1975 366 2054 prodit
386 1973 500 2037 detritis
520 1975 577 2037 illis
598 1979 661 2038 ocri
681 1979 806 2038 concitus
826 1979 874 2036 iro
894 1975 944 2037 ubi
968 1978 1032 2036 ocri
1042 1984 1140 2054 coptus
1154 1975 1239 2038 duum
1256 1994 1312 2037 ex·

163 2072 353 2153 primendum
372 2073 438 2134 fuit.
480 2073 583 2154 Neque
604 2092 690 2135 eausa
711 2074 844 2135 cernitur
864 2074 921 2136 ulla
936 2093 990 2135 cur
1005 2073 1095 2134 etiam
1109 2073 1182 2134 illud
1202 2074 1313 2152 fluctuo

160 2175 296 2251 prosequi
333 2171 467 2233 iniecerit
507 2173 585 2252 quod
621 2171 854 2234 insolentissime
888 2173 1033 2251 scriptum
1069 2187 1152 2233 nunc
1187 2172 1311 2236 demum

163 2277 302 2331 notamus
321 2270 361 2332 ita
380 2271 460 2334 velut
478 2271 503 2333 si
523 2272 616 2333 viator
637 2271 755 2333 dixerit:
779 2270 856 2332 viam
876 2287 971 2332 meam
992 2287 1165 2350 prosequor.

249 2368 292 2429 De
311 2387 452 2432 muraena
474 2370 596 2432 Ovidius
611 2389 638 2431 r.
654 2369 694 2428 27
702 2387 714 2461 εΙ

265 2479 303 2541 nt
320 2475 390 2555 (Ati
411 2481 447 2541 cf.
464 2499 490 2541 v.
507 2480 547 2542 38
564 2489 594 2543 et
609 2480 662 2561 31)
691 2494 838 2542 murena
863 2480 948 2543 ferox
967 2477 1096 2541 teretis
1116 2477 1172 2542 sibi
1193 2481 1314 2545 conscia

1109 2581 1202 2660 tergi

266 2677 314 2738 Ad
336 2677 452 2738 laxata
475 2676 584 2754 magis
608 2677 759 2739 connixa
780 2676 954 2738 foramina
976 2675 1068 2737 retis

266 2775 399 2836 Tandem
422 2793 488 2854 per
510 2775 642 2836 multos
665 2774 785 2837 evadit
803 2774 942 2836 lubrica
963 2775 1080 2836 flexus

265 2872 467 2953 Exemploque
490 2891 602 2934 nocens
624 2873 765 2936 cunctis
789 2875 845 2935 iter
866 2873 979 2935 invenit
1001 2890 1069 2935 una.

167 2996 278 3058 Eadem
298 2997 376 3078 apud
397 2996 564 3077 Oppianum
579 2996 618 3060 III
633 3018 659 3060 v.
679 3000 739 3060 117
759 3000 848 3062 verba
871 3006 955 3061 sunt:

143 3128 147 3135 '
268 3117 472 3203 Μόραιναι
493 3113 525 3184 δ’
541 3115 595 3185 ὅτε
620 3120 675 3189 κέν
693 3121 771 3187 ποτ’
792 3121 995 3207 ἐνιπλήξωσι
1022 3121 1173 3186 λίνοισι

266 3217 473 3303 διζόμεναι
504 3216 649 3304 βρόχον
679 3217 791 3304 εὐρὺν
819 3220 856 3284 ἐν
889 3219 993 3305 ἕρκεϊ
1023 3214 1223 3296 δινεόονται,

265 3314 333 3381 coci
362 3315 404 3381 δέ
426 3317 582 3403 διαίγδην
604 3316 731 3403 ὀφίων
755 3316 881 3402 νόμον
899 3315 1145 3402 όρμηθείσαι

265 3416 393 3499 πᾶσαι
414 3414 680 3503 όλισόηροίσι
705 3416 941 3490 διεξέπεσον
966 3416 1161 3499 μελέεσσι.

164 3554 204 3616 Et
232 3545 351 3637 quidem
382 3557 457 3619 alter
481 3576 537 3638 per
568 3558 680 3643 multer
705 3558 802 3635 tlemus
831 3556 903 3619 dixit
933 3559 1011 3640 quod
1042 3557 1125 3620 alteri
1158 3556 1313 3622 ridebatur

167 3648 276 3736 ὀφίων
312 3651 422 3737 νόμον.
479 3656 617 3718 Ceterum
653 3654 723 3716 satis
760 3655 943 3735 ineleganter
982 3651 1155 3740 διζόμεναι
1188 3653 1313 3738 βρόχον

166 3746 262 3836 εδράν
286 3753 332 3813 vel
357 3748 525 3833 edoctaeque
554 3753 644 3814 latine
665 3753 852 3831 exprimitur:
881 3759 1006 3817 couciaco
1031 3756 1069 3818 od
1094 3757 1186 3836 moqia
1209 3753 1313 3818 laceto

163 3855 322 3934 foramina.
367 3849 508 3911 Conferas
522 3851 620 3912 etiam
644 3850 756 3912 Aeliani
770 3850 783 3911 1
799 3849 849 3912 33.

251 3951 292 4011 lie
314 3949 394 4028 sepia
418 3947 540 4009 Ovidius
562 3967 588 4009 v.
607 3949 659 4011 19:

266 4073 371 4152 Sepia
394 4073 477 4135 tarda
499 4072 585 4152 fugae
607 4073 691 4136 tenui
714 4091 790 4137 cum
814 4074 891 4136 forte
914 4073 970 4136 sub
994 4076 1070 4138 unda

265 4173 448 4251 Deprensa
469 4179 523 4234 eat
544 4172 603 4234 iam
626 4173 744 4253 iamque
766 4190 893 4235 manus
916 4173 1019 4234 timet
1041 4173 1090 4235 illa
1113 4175 1272 4255 rapacis,

266 4270 446 4332 lnficiens
468 4289 604 4350 aequor
625 4270 766 4350 nigrum
791 4271 903 4333 vomit
922 4271 983 4333 illa
1006 4290 1022 4331 c

266 4368 490 4450 Avertitque
513 4368 587 4431 vias
609 4370 740 4431 oeulos
761 4371 947 4433 frustrata
967 4370 1171 4450 sequentis.
