2924 5018
637 279 880 343 -200-

189 456 383 538 Epistularum
398 456 521 518 omuino
537 455 697 519 addidisset
712 456 744 517 ni
757 457 850 529 fallor,
867 457 924 518 nisi
939 457 1063 519 alterum
1077 456 1158 518 alteri
1176 456 1329 518 titulorum

188 574 337 637 opponere
352 556 500 629 voluisset,
521 556 762 637 quandoquidem
782 556 898 618 titulum
915 575 1011 637 neque
1026 556 1131 637 reliqui
1146 556 1331 636 grammatici

189 657 295 718 addere
322 656 421 717 solent
447 674 544 737 neque
573 655 722 717 Charisius
750 656 813 736 ipse
840 656 951 717 addidit
978 657 1070 717 altero
1099 656 1163 717 loco
1186 676 1213 736 p.
1232 654 1331 716 2041<

189 756 260 818 dum
283 756 361 817 Artis
388 773 507 818 versum
530 755 643 836 459sq.
666 755 780 818 laudat:
811 753 961 817 Horatius:
984 756 1067 828 „licet
1088 759 1244 819 sticcorrdc
1266 755 1330 816 lon-

186 874 256 937 gum
278 854 407 917 clamet‘.
444 856 578 936 Denique
600 856 638 917 de
654 855 766 918 Charisi
782 855 877 918 verbis
896 855 1084 937 explanandis
1107 864 1153 918 est
1168 854 1255 918 etiam
1272 874 1330 935 quo

189 955 358 1019 discordare
379 974 448 1017 cum
470 955 708 1034 Zangemeistero
731 971 794 1016 non
815 955 881 1017 sine
903 957 1001 1017 lructu
1024 954 1145 1035 possim.

274 1054 399 1117 Pisones
433 1073 501 1116 vero
535 1054 645 1136 quibus
684 1054 772 1117 missa
809 1056 864 1116 Ars
901 1054 958 1116 luit
995 1054 1026 1116 in
1059 1072 1091 1116 re
1123 1055 1237 1134 poetica
1271 1071 1332 1114 non

190 1155 323 1217 videmus
346 1172 465 1217 curasse
497 1146 555 1215 nisi
589 1154 764 1232 tragoedias,
798 1172 895 1234 neque
931 1153 1022 1233 magis
1056 1153 1221 1232 tragoedias
1255 1153 1332 1233 ipsas

190 1272 277 1335 quam
316 1253 456 1334 satyricos
489 1252 602 1314 fabulas
641 1252 711 1325 (hnc
743 1252 822 1314 enim
855 1253 997 1314 concedet
1031 1251 1081 1332 qui
1114 1252 1210 1331 legere
1242 1253 1332 1315 libros

189 1371 250 1415 nou
268 1353 359 1414 oculis
375 1353 481 1423 solum,
505 1353 557 1414 sed
574 1360 675 1413 mente
690 1370 809 1433 quoque
823 1350 1038 1431 consueverit);
1060 1368 1163 1413 vereor
1178 1352 1278 1433 itaque
1295 1371 1333 1413 uc

190 1451 230 1513 illi
253 1460 284 1512 et
304 1452 423 1530 ingenio
439 1470 493 1513 suo
509 1460 539 1512 et
554 1451 653 1513 indole
669 1459 700 1512 et
714 1451 869 1531 disciplina
884 1450 920 1513 ab
939 1451 1011 1532 ipsis
1027 1469 1060 1512 ac
1075 1451 1151 1513 veris
1166 1453 1333 1530 Augusteae

192 1551 296 1613 aetatis
328 1550 434 1612 litteris
468 1551 622 1612 alieniores
654 1549 775 1622 luerint,
808 1550 957 1613 affiniores
990 1568 1060 1611 vero
1083 1549 1259 1612 Ciceronum
1290 1551 1331 1612 illi

192 1649 309 1711 saeculo
331 1669 390 1729 quc
407 1648 626 1729 incomparabili
646 1658 697 1712 aut
716 1649 824 1728 ingenii
840 1657 891 1712 aut
905 1668 1011 1711 manus
1028 1649 1154 1727 agilitate
1170 1650 1335 1713 conscribi·

191 1748 309 1811 litandis
331 1747 490 1828 tragoediis
506 1748 662 1810 cotidianis
678 1750 739 1810 lere
760 1748 891 1811 insanire
914 1748 951 1811 ad
974 1748 1177 1811 doctissimum
1195 1758 1225 1810 ct
1240 1751 1334 1811 hone-

191 1848 356 1910 stissimum
381 1866 529 1929 quemque
557 1848 731 1928 pertinebat
776 1848 863 1911 Certe
884 1848 1039 1929 satyricam
1062 1847 1237 1910 Ciceronum
1260 1851 1334 1912 altar

192 1956 237 2010 cst
261 1965 351 2027 quern
374 1945 578 2027 composuisse
610 1946 739 2008 sciamus
773 1946 912 2009 fabulam.
956 1949 1053 2027 Atque
1074 1946 1176 2008 eadem
1198 1956 1335 2028 tempora

192 2048 254 2109 lere
276 2045 384 2127 Lyncei
406 2045 592 2125 Propertiani
615 2046 749 2107 animum
771 2045 883 2108 referre
905 2045 1096 2121 crediderim;
1124 2045 1211 2108 huius
1234 2057 1334 2109 autem

196 2145 338 2208 orationis
360 2140 502 2226 λήκυθοι
525 2153 604 2206 certe
626 2145 821 2223 aVergiliana
843 2146 892 2207 illa
915 2145 1030 2208 licentia
1050 2154 1166 2225 sumpta
1189 2148 1335 2227 pudenter

196 2244 323 2307 multum
361 2242 519 2305 distabant.
564 2243 664 2323 ltaque
698 2262 736 2306 an
773 2243 809 2306 ab
846 2244 917 2325 ipsis
951 2244 1196 2306 obtrectatoribus
1231 2245 1335 2325 Vergili

196 2342 411 2424 Vergilianique
425 2344 572 2405 sermonis
589 2343 712 2406 Pisones
727 2352 805 2407 stare
827 2344 950 2407 omnino
973 2361 1035 2407 non
1058 2345 1210 2424 potuerint
1225 2347 1333 2408 nescio.

196 2441 293 2503 Nihilo
316 2442 415 2503 minus
438 2461 541 2504 versus
556 2442 633 2504 Artis
649 2441 774 2506 48-72
798 2443 847 2519 (de
868 2442 976 2524 quibus
998 2443 1143 2506 Michaelis
1160 2463 1188 2523 p.
1204 2444 1336 2524 422sq.)

196 2560 269 2602 num
291 2549 358 2621 apte
380 2541 416 2603 ad
439 2541 579 2604 Pisonem
601 2551 714 2623 patrem
738 2544 866 2604 maxime
887 2542 1091 2605 scriberentur
1112 2561 1244 2624 numque
1275 2544 1335 2605 dis-

195 2640 304 2722 plicere
329 2641 423 2703 oratio
446 2641 584 2704 Aeneidis
607 2651 637 2703 et
658 2642 728 2706 huic
749 2651 779 2704 et
801 2642 864 2704 aliis
887 2641 1031 2722 potuisset
1054 2661 1194 2723 quaerere
1220 2643 1335 2705 distuli:

196 2736 259 2817 ἐγώ
287 2736 347 2821 μὲν
374 2732 413 2802 οὗ
440 2737 504 2803 δέω
532 2739 635 2804 ταῦτα
656 2738 896 2823 μαρτυρεῦντας
918 2758 972 2802 nec
994 2741 1070 2802 scire
1091 2741 1135 2803 las
1159 2748 1204 2804 est
1226 2742 1335 2803 omnia.

281 2837 316 2899 lu
338 2839 452 2919 plagula
469 2847 569 2904 autem
585 2840 717 2920 proxima
732 2839 820 2902 simul
835 2848 866 2901 et
879 2848 1030 2921 postrema
1045 2840 1177 2921 ipsorum
1195 2841 1337 2903 llalieuti-

196 2955 299 2998 corum
330 2937 489 3000 latinorum
523 2938 683 3017 imaginem
714 2940 930 3020 complanatam
959 2940 1001 3001 sic
1028 2942 1088 3001 lere
1118 2947 1151 3002 ut
1181 2940 1336 3003 obvenisse

197 3034 290 3096 Plinio
315 3038 452 3099 credatur
474 3038 793 3125 ostendere-voluimus
816 3036 976 3100 arbitrariis
998 3038 1037 3099 ibi
1058 3038 1180 3101 intextis
1202 3038 1252 3102 ubi
1270 3058 1336 3100 vera

197 3133 334 3196 latebant.
