2924 5018
611 284 852 351 -195-

163 457 301 538 prastulit
324 457 447 520 Cornuti
469 458 548 539 quod
575 459 653 521 idem
683 459 714 521 in
748 461 836 523 tertio
864 479 984 542 quoque
1011 461 1142 525 carmine
1171 461 1304 525 eiusdem

160 556 226 625 libri
242 556 365 619 secundi
382 565 540 630 memorat,
563 566 650 637 33313
665 559 730 639 ipse
752 569 830 627 vetat
848 577 887 627 33
909 560 1038 627 carmina
1052 561 1107 624 ista
1124 561 1305 631 divellamus.
1395 564 1398 570 '
1421 645 1423 649 ι

161 656 299 721 Ceterum
323 664 495 737 argumenta
517 655 664 736 Zingerlei
687 666 760 738 quet
786 660 832 721 331
858 660 977 739 pondus
1001 660 1045 732 331
1067 659 1204 725 umbram
1226 679 1305 740 pon-

161 754 240 819 deris
262 753 373 818 habere
396 755 489 817 videri
509 755 624 836 possint
646 755 808 834 exhibab03
830 775 891 827 uon
914 759 1022 823 habere
1044 768 1145 823 tamen
1168 759 1226 820 iam
1250 759 1306 823 bec

160 853 306 916 videbitur
320 853 399 934 quod
423 862 468 915 est
490 854 526 917 de
549 855 763 935 pronominum
780 859 937 937 quicunque
953 866 983 927 et
998 861 1122 940 quisquae
1136 857 1304 939 frequentia

161 952 254 1031 (Ziug.
271 971 300 1032 p.
318 953 386 1028 55t:
421 953 526 1032 legitur
549 953 629 1016 euim
654 957 811 1035 quicunque
833 955 865 1016 in
887 955 990 1017 librcl
1012 957 1124 1019 octiens
1146 958 1191 1018 vel
1213 955 1305 1017 semel

160 1050 192 1111 in
218 1052 277 1113 100
292 1071 347 1125 vu,
377 1062 479 1114 contra
501 1053 533 1114 in
555 1051 592 1114 lv
616 1052 711 1113 2-7
734 1053 930 1136 quicuquiens
953 1054 997 1117 331
1024 1057 1116 1119 semel
1138 1044 1170 1118 in
1194 1054 1234 1116 25
1252 1074 1304 1125 33,

160 1149 266 1212 deinde
287 1169 392 1213 rursus
419 1151 451 1213 in
485 1151 559 1213 libro
587 1151 612 1212 ll
645 1159 750 1233 quater
782 1155 825 1215 331
859 1153 951 1215 semel
983 1152 1099 1217 13100
1125 1155 1304 1232 (sinautem

161 1250 322 1330 dempseris
356 1270 392 1313 ex
424 1251 499 1313 libro
523 1249 547 1312 ll
568 1253 728 1314 secundam
761 1253 840 1333 quod
873 1253 953 1315 nulla
984 1254 1158 1321 auctoritate
1189 1253 1304 1324 feceris,

159 1350 251 1413 semel
266 1349 298 1411 in
314 1349 403 1426 20013
426 1350 527 1430 itaque
541 1351 577 1413 ad
593 1351 702 1414 librum
719 1351 849 1431 primurn
874 1360 1013 1433 quartum
1035 1372 1124 1434 quam
1138 1353 1304 1417 secuudum

160 1448 404 1530 propinquiorem
427 1468 491 1512 esse
507 1450 625 1513 numeri
647 1451 678 1513 hi
692 1467 753 1515 333
770 1458 956 1515 attestantur.
997 1451 1130 1533 03133313
1152 1459 1252 1514 autem
1273 1451 1306 1514 iu

160 1547 264 1609 librcl
285 1549 403 1611 sexiens
426 1558 523 1612 exstat
545 1550 591 1611 vel
613 1550 706 1611 semel
726 1549 759 1611 iu
786 1549 844 1613 135
861 1568 916 1623 vu,
939 1551 969 1612 in
992 1551 1055 1612 111
1078 1551 1239 1615 undeciens
1261 1551 1304 1613 331

160 1647 251 1711 semel
272 1646 371 1723 1339,
394 1647 426 1709 13
449 1649 467 1709 l:
484 1648 521 1711 lv
542 1647 639 1709 2-7
664 1657 708 1711 ter
731 1649 776 1711 331
797 1649 888 1711 semel
908 1649 1014 1725 1341;
1046 1649 1146 1730 itaque
1180 1669 1216 1713 ne
1249 1650 1306 1712 bac

160 1745 280 1825 quidem
313 1746 345 1809 in
377 1764 410 1808 re
442 1766 459 1810 a
487 1746 506 1808 1.
535 1747 547 1808 l
580 1746 673 1826 magis
706 1747 838 1813 diversus
861 1748 879 1808 1.
895 1746 921 1809 ll
950 1756 996 1813 est
1028 1765 1117 1828 quana
1140 1747 1302 1810 11123-7.

160 1843 222 1906 lloc
244 1852 343 1906 autem
366 1863 419 1923 ego
442 1844 569 1909 addidici
590 1845 622 1907 in
646 1845 741 1913 Deliae
768 1845 844 1907 libro
878 1845 929 1925 qui
962 1853 994 1911 et
1025 1847 1125 1909 colora
1152 1855 1182 1908 at
1209 1847 1304 1909 calere

159 1943 276 2022 poetice
299 1945 445 2024 praevalet
465 1944 639 2007 distributas
661 1944 725 2012 istis
746 1944 918 2008 nominibus
946 1945 1110 2009 sententias
1133 1945 1233 2009 minus
1255 1965 1305 2009 ac-

160 2051 261 2123 333133
284 2044 377 2106 131333
399 2042 525 2107 Tibullo.
779 2037 784 2044 ’

244 2143 395 2206 Accedunt
430 2142 574 2223 Zingerlei
612 2141 833 2205 observationes
870 2143 938 2205 hae:
983 2142 1151 2223 imperativi
1187 2141 1302 2207 formae

160 2241 254 2322 qualis
284 2250 331 2304 est
351 2253 446 2305 333313
469 2242 500 2305 13
523 2241 581 2304 line
603 2240 767 2303 hexametri
790 2240 902 2320 positae
925 2258 960 2303 ex
982 2241 1080 2321 primo
1109 2241 1186 2304 libro
1209 2242 1245 2305 ab
1267 2261 1302 2304 eo

160 2342 291 2423 quinque
306 2349 475 2415 enotautur,
496 2340 574 2401 nulla
590 2359 625 2401 ox
640 2339 780 2413 secundo.
796 2339 872 2401 duae
885 2355 954 2401 3333
971 2358 1006 2407 ax
1019 2338 1197 2419 Sulpicianis
1209 2337 1301 2402 2-7,

159 2439 252 2504 Porro
274 2441 417 2504 doeemur
439 2442 481 2521 (3.
498 2438 552 2521 73)
574 2440 706 2507 voculam
728 2449 758 2500 31
779 2438 858 2503 13133
878 2437 918 2506 22
935 2458 979 2501 33.
1001 2438 1093 2503 semel
1114 2438 1171 2519 lagi
1192 2439 1224 2501 in
1245 2439 1303 2513 ll,

160 2539 293 2605 1313325
310 2539 342 2600 in
357 2540 392 2602 lv
408 2539 500 2612 Ἠ,
517 2536 595 2600 13133
610 2538 650 2600 45
666 2538 698 2605 iu
713 2537 732 2599 1.
749 2538 789 2612 11;
811 2546 960 2622 praeterea
974 2539 1014 2618 (p.
1027 2537 1131 2619 65qu
1143 2537 1301 2601 verborum

146 2638 391 2721 ¹inpersonalinm
424 2637 614 2718 3331331331
640 2640 762 2717 poenitet
790 2636 882 2701 toedet
914 2640 996 2701 iuvet
1019 2637 1095 2705 313331
1117 2636 1302 2731 3311333331-

159 2740 276 2803 haereat
293 2737 455 2805 infinitivus
471 2737 503 2807 13
519 2738 537 2799 l.
553 2738 566 2799 l
587 2737 718 2816 exempla
740 2737 776 2797 15
792 2736 905 2811 adesse,
930 2729 1302 2816 131112-’7333313130

158 2840 190 2902 13
212 2839 273 2901 111
296 2855 357 2906 ann
378 2837 445 2918 plus
468 2836 497 2899 2.
542 2836 576 2903 13
599 2836 711 2899 3313313
732 2835 885 2916 particulis
904 2833 1076 2915 3331133113
1092 2835 1302 2908 concesserim,

158 2938 273 3018 relique
301 2936 431 2999 sermoni
463 2935 572 3007 minus,
606 2935 662 3004 nisi
696 2944 748 3004 aut
780 2934 959 3016 scriptorum
992 2933 1075 3015 copie
1109 2944 1139 3003 31
1172 2933 1301 3003 ambitus

103 3054 107 3061 ·
159 3037 253 3099 multo
277 3036 372 3098 maior
394 3036 432 3098 sit
453 3034 529 3097 libro
551 3032 657 3097 Tibulli
679 3042 784 3115 quarte
819 3041 869 3096 aut
900 3032 1083 3095 dillerentiae
1110 3039 1302 3112 compareant

159 3135 253 3197 multo
276 3135 497 3198 numerosiores
526 3134 561 3202 iis
589 3152 661 3214 quas
684 3133 818 3214 Zingerle
845 3131 942 3212 agitat.
992 3132 1049 3195 llas
1078 3131 1126 3193 ille
1155 3148 1218 3193 uon
1246 3131 1303 3192 luit

159 3235 282 3296 omnino
311 3255 364 3297 cur
390 3235 460 3296 dare
488 3233 567 3295 casui
595 3231 744 3296 dubitaret
766 3231 868 3315 (quem
891 3231 1011 3312 quidem
1035 3229 1099 3317 ipse
1120 3230 1302 3309 periucunde

157 3333 332 3396 sollemnem
353 3333 480 3395 vocavit:
501 3349 575 3412 ganz
598 3330 780 3410 gewohulich
803 3350 832 3412 p.
849 3329 906 3405 593
929 3330 964 3390 cf.
981 3348 1010 3421 p.
1027 3327 1095 3409 b2);
1125 3337 1255 3391 ceterum
1278 3330 1303 3390 si

158 3451 215 3513 qua
238 3452 292 3494 vox
314 3434 346 3495 in
368 3430 548 3494 carminibus
572 3430 670 3492 minus
694 3429 831 3502 occurrit,
861 3429 919 3490 iam
941 3426 992 3490 ubi
1015 3447 1048 3490 33
1071 3427 1169 3495 locum
1194 3426 1302 3490 habere

158 3533 288 3612 potuerit
321 3531 427 3613 quidve
460 3531 491 3599 in
524 3531 622 3601 locum
655 3529 720 3599 eius
750 3527 943 3606 subrogatum
965 3527 1004 3595 sit
1026 3545 1142 3607 semper
1165 3527 1302 3601 33133133

158 3649 277 3695 necesse
294 3639 355 3706 est3
376 3631 461 3699 aliter
482 3630 513 3695 in
530 3647 645 3700 3333331
661 3627 863 3697 denudaveris.
901 3623 1001 3698 Quid?
1023 3625 1200 3695 adiectivum
1222 3636 1303 3697 tener

157 3729 303 3810 (Zingerle
324 3750 354 3813 3.
369 3729 424 3810 49)
446 3730 548 3799 adesse
569 3728 663 3793 semel
685 3727 857 3805 observatur
878 3725 910 3797 13
932 3724 1034 3795 librnl
1057 3723 1167 3795 3131333
1190 3724 1233 3789 bis
1256 3725 1302 3791 331

157 3831 249 3893 semol
269 3831 302 3893 in
318 3831 358 3892 37
374 3848 430 3905 vv„
452 3828 488 3893 111
509 3826 591 3897 2.-37
615 3835 661 3899 ter
683 3826 728 3899 331
749 3825 844 3894 semel
864 3824 895 3897 13
911 3824 960 3897 41,
981 3823 1014 3887 13
1036 3822 1096 3892 111
1117 3823 1234 3886 seriens
1258 3823 1302 3887 331

156 3930 249 3997 semel
272 3929 304 3999 13
324 3930 379 3991 71:
412 3947 480 3999 3333
513 3925 681 4001 duriuscule
712 3943 778 3995 sors
811 3930 930 4005 poetae:
965 3940 1026 3997 333
1059 3921 1144 3993 solita
1176 3939 1230 3989 sua
1258 3920 1302 3985 rel
1396 3921 1398 3926 ’

155 4047 256 4097 rerum
273 4023 837 4099 331331311333311313111333313(11131
860 4030 939 4097 amat
953 4040 1025 4093 usus
1041 4020 1164 4089 videtur.
1201 4017 1302 4097 Quiri?

158 4149 226 4197 uam
241 4126 336 4208 magis
352 4125 462 4199 ludicra
484 4125 542 4191 iam
557 4125 621 4204 ipse
636 4122 832 4205 suppeditent,
856 4139 954 4202 neque
976 4121 1006 4189 13
1029 4119 1126 4201 prium
1149 4136 1247 4200 neque
1269 4119 1300 4181 in

157 4235 261 4307 quarto
282 4227 358 4295 libro
379 4232 432 4295 331
453 4222 601 4289 avaritiam
618 4220 752 4292 Tibullus
774 4219 892 4301 scripsit
914 4230 964 4289 aut
987 4217 1160 4285 adiectirum
1184 4236 1300 4293 333333,

157 4325 341 4399 insecundo
365 4322 652 4403 uereplussemel:
686 4320 745 4393 1333
768 4319 880 4393 nihilne
902 4312 1100 4389 concludam?
1134 4314 1235 4391 Quint
1267 4317 1300 4379 in

116 4512 119 4518 Δ
157 4433 220 4489 toto
243 4424 317 4486 libro
340 4425 365 4487 ll
393 4439 557 4502 numquam
580 4437 760 4502 quemquam
783 4426 868 4498 poeta
890 4415 1088 4483 incusandum
1111 4415 1224 4495 putavit
1246 4416 1300 4478 da-

1089 4518 1140 4574 13*
