<?xml version="1.0" encoding="UTF-8"?>
<!DOCTYPE html PUBLIC "-//W3C//DTD XHTML 1.0 Transitional//EN"
    "http://www.w3.org/TR/xhtml1/DTD/xhtml1-transitional.dtd">
<html xmlns="http://www.w3.org/1999/xhtml" xml:lang="en" lang="en">
 <head>
  <title>
</title>
<meta http-equiv="Content-Type" content="text/html;charset=utf-8" />
  <meta name='ocr-system' content='tesseract 3.04.00' />
  <meta name='ocr-capabilities' content='ocr_page ocr_carea ocr_par ocr_line ocrx_word'/>
</head>
<body>
  <div class='ocr_page' id='page_1' title='image "./dehalieuticisov01birtgoog_0088.png"; bbox 0 0 2924 5018; ppageno 0'>
   <div class='ocr_carea' id='block_1_1' title="bbox 579 295 793 360">
    <p class='ocr_par' dir='ltr' id='par_1_1' title="bbox 579 295 793 360">
     <span class='ocr_line' id='line_1_1' title="bbox 579 295 793 360; baseline 0.005 -20"><span class='ocrx_word' id='word_1_1' title='bbox 579 295 793 360; x_wconf 77' lang='grc'>..67-</span> 
     </span>
    </p>
   </div>
   <div class='ocr_carea' id='block_1_2' title="bbox 117 470 1321 4397">
    <p class='ocr_par' dir='ltr' id='par_1_2' title="bbox 117 470 1262 1143">
     <span class='ocr_line' id='line_1_2' title="bbox 118 470 1261 554; baseline 0.008 -24"><span class='ocrx_word' id='word_1_2' title='bbox 118 470 230 532; x_wconf 90' lang='lat' dir='ltr'>nicbt</span> <span class='ocrx_word' id='word_1_3' title='bbox 251 487 315 548; x_wconf 87' lang='lat' dir='ltr'>gar</span> <span class='ocrx_word' id='word_1_4' title='bbox 341 471 434 532; x_wconf 91' lang='lat' dir='ltr'>alles</span> <span class='ocrx_word' id='word_1_5' title='bbox 461 490 515 533; x_wconf 90' lang='lat' dir='ltr'>aus</span> <span class='ocrx_word' id='word_1_6' title='bbox 538 471 658 551; x_wconf 89' lang='lat' dir='ltr'>eigener</span> <span class='ocrx_word' id='word_1_7' title='bbox 674 472 885 552; x_wconf 85' lang='lat' dir='ltr'>Reobacbtung</span> <span class='ocrx_word' id='word_1_8' title='bbox 906 475 1061 554; x_wconf 80' lang='lat' dir='ltr'>geschopft</span> <span class='ocrx_word' id='word_1_9' title='bbox 1084 510 1125 520; x_wconf 90' lang='lat'><em>-</em></span> <span class='ocrx_word' id='word_1_10' title='bbox 1147 476 1261 539; x_wconf 89' lang='lat' dir='ltr'>cautius</span> 
     </span>
     <span class='ocr_line' id='line_1_3' title="bbox 117 568 1262 655; baseline 0.008 -25"><span class='ocrx_word' id='word_1_11' title='bbox 117 568 310 631; x_wconf 89' lang='lat' dir='ltr'>scribendum</span> <span class='ocrx_word' id='word_1_12' title='bbox 328 569 500 632; x_wconf 85' lang='lat' dir='ltr'>doctissimo</span> <span class='ocrx_word' id='word_1_13' title='bbox 522 569 585 631; x_wconf 88' lang='lat' dir='ltr'>viro</span> <span class='ocrx_word' id='word_1_14' title='bbox 607 570 726 634; x_wconf 89' lang='lat' dir='ltr'>fuisset:</span> <span class='ocrx_word' id='word_1_15' title='bbox 751 571 842 635; x_wconf 93' lang='lat' dir='ltr'>doch</span> <span class='ocrx_word' id='word_1_16' title='bbox 861 589 923 650; x_wconf 86' lang='lat' dir='ltr'>gar</span> <span class='ocrx_word' id='word_1_17' title='bbox 945 573 1069 637; x_wconf 91' lang='lat' dir='ltr'>nichts</span> <span class='ocrx_word' id='word_1_18' title='bbox 1093 595 1145 637; x_wconf 92' lang='lat' dir='ltr'>aus</span> <span class='ocrx_word' id='word_1_19' title='bbox 1160 576 1262 655; x_wconf 85' lang='lat' dir='ltr'>eignar</span> 
     </span>
     <span class='ocr_line' id='line_1_4' title="bbox 117 668 1261 751; baseline 0.005 -22"><span class='ocrx_word' id='word_1_20' title='bbox 117 668 330 749; x_wconf 89' lang='lat' dir='ltr'>Beobachtung</span> <span class='ocrx_word' id='word_1_21' title='bbox 356 669 518 749; x_wconf 85' lang='lat' dir='ltr'>geschdpfl.</span> <span class='ocrx_word' id='word_1_22' title='bbox 560 669 655 731; x_wconf 90' lang='lat' dir='ltr'>Simul</span> <span class='ocrx_word' id='word_1_23' title='bbox 676 678 776 732; x_wconf 89' lang='lat' dir='ltr'>tamen</span> <span class='ocrx_word' id='word_1_24' title='bbox 797 671 984 751; x_wconf 82' lang='lat' dir='ltr'>inquiremus</span> <span class='ocrx_word' id='word_1_25' title='bbox 1008 673 1039 732; x_wconf 93' lang='lat' dir='ltr'>in</span> <span class='ocrx_word' id='word_1_26' title='bbox 1053 673 1261 736; x_wconf 80' lang='lat' dir='ltr'><strong>collectaneam</strong></span> 
     </span>
     <span class='ocr_line' id='line_1_5' title="bbox 118 767 1262 849; baseline 0.003 -21"><span class='ocrx_word' id='word_1_27' title='bbox 118 767 194 828; x_wconf 88' lang='lat' dir='ltr'><strong>Plini</strong></span> <span class='ocrx_word' id='word_1_28' title='bbox 218 769 253 830; x_wconf 89' lang='lat' dir='ltr'>de</span> <span class='ocrx_word' id='word_1_29' title='bbox 275 768 405 849; x_wconf 86' lang='lat' dir='ltr'>piscibus</span> <span class='ocrx_word' id='word_1_30' title='bbox 428 767 605 840; x_wconf 87' lang='lat' dir='ltr'>doctrinam,</span> <span class='ocrx_word' id='word_1_31' title='bbox 634 786 695 830; x_wconf 94' lang='lat' dir='ltr'>non</span> <span class='ocrx_word' id='word_1_32' title='bbox 716 777 751 831; x_wconf 90' lang='lat' dir='ltr'>ut</span> <span class='ocrx_word' id='word_1_33' title='bbox 776 777 837 831; x_wconf 90' lang='lat' dir='ltr'>tota</span> <span class='ocrx_word' id='word_1_34' title='bbox 858 770 907 832; x_wconf 90' lang='lat' dir='ltr'>illa</span> <span class='ocrx_word' id='word_1_35' title='bbox 931 772 968 833; x_wconf 95' lang='lat' dir='ltr'>de</span> <span class='ocrx_word' id='word_1_36' title='bbox 990 770 1067 831; x_wconf 86' lang='lat' dir='ltr'>Plini</span> <span class='ocrx_word' id='word_1_37' title='bbox 1093 771 1262 833; x_wconf 90' lang='lat' dir='ltr'>auctoribus</span> 
     </span>
     <span class='ocr_line' id='line_1_6' title="bbox 118 866 1262 947; baseline 0.003 -19"><span class='ocrx_word' id='word_1_38' title='bbox 118 866 294 946; x_wconf 81' lang='lat' dir='ltr'>quaestione</span> <span class='ocrx_word' id='word_1_39' title='bbox 321 866 490 929; x_wconf 85' lang='lat' dir='ltr'>difficillima</span> <span class='ocrx_word' id='word_1_40' title='bbox 517 874 547 929; x_wconf 91' lang='lat' dir='ltr'>et</span> <span class='ocrx_word' id='word_1_41' title='bbox 568 866 749 929; x_wconf 81' lang='lat' dir='ltr'>doctioribus</span> <span class='ocrx_word' id='word_1_42' title='bbox 770 875 837 947; x_wconf 89' lang='lat' dir='ltr'>apta</span> <span class='ocrx_word' id='word_1_43' title='bbox 866 868 1058 942; x_wconf 78' lang='lat' dir='ltr'>mulcemur,</span> <span class='ocrx_word' id='word_1_44' title='bbox 1087 870 1138 931; x_wconf 87' lang='lat' dir='ltr'>sed</span> <span class='ocrx_word' id='word_1_45' title='bbox 1161 878 1196 930; x_wconf 91' lang='lat' dir='ltr'>ut</span> <span class='ocrx_word' id='word_1_46' title='bbox 1222 887 1262 930; x_wconf 90' lang='lat' dir='ltr'>ne</span> 
     </span>
     <span class='ocr_line' id='line_1_7' title="bbox 117 965 1261 1049; baseline 0.004 -24"><span class='ocrx_word' id='word_1_47' title='bbox 117 966 373 1043; x_wconf 76' lang='lat' dir='ltr'>praetermittatur</span> <span class='ocrx_word' id='word_1_48' title='bbox 404 967 430 1026; x_wconf 89' lang='lat' dir='ltr'>si</span> <span class='ocrx_word' id='word_1_49' title='bbox 460 966 512 1046; x_wconf 94' lang='lat' dir='ltr'>qui</span> <span class='ocrx_word' id='word_1_50' title='bbox 538 965 654 1028; x_wconf 88' lang='lat' dir='ltr'>fructus</span> <span class='ocrx_word' id='word_1_51' title='bbox 687 967 756 1028; x_wconf 91' lang='lat' dir='ltr'>inde</span> <span class='ocrx_word' id='word_1_52' title='bbox 786 968 823 1029; x_wconf 88' lang='lat' dir='ltr'>ad</span> <span class='ocrx_word' id='word_1_53' title='bbox 851 976 984 1031; x_wconf 87' lang='lat' dir='ltr'>nostrum</span> <span class='ocrx_word' id='word_1_54' title='bbox 1012 988 1077 1031; x_wconf 91' lang='lat' dir='ltr'>rem</span> <span class='ocrx_word' id='word_1_55' title='bbox 1107 969 1261 1049; x_wconf 89' lang='lat' dir='ltr'>pertinens</span> 
     </span>
     <span class='ocr_line' id='line_1_8' title="bbox 118 1062 323 1143; baseline -0.005 -19"><span class='ocrx_word' id='word_1_56' title='bbox 118 1062 184 1143; x_wconf 91' lang='lat' dir='ltr'>capi</span> <span class='ocrx_word' id='word_1_57' title='bbox 204 1063 323 1143; x_wconf 90' lang='lat' dir='ltr'>poterit.</span> 
     </span>
    </p>

    <p class='ocr_par' dir='ltr' id='par_1_3' title="bbox 118 1161 1321 2133">
     <span class='ocr_line' id='line_1_9' title="bbox 202 1161 1262 1245; baseline 0.005 -24"><span class='ocrx_word' id='word_1_58' title='bbox 202 1161 297 1223; x_wconf 78' lang='lat' dir='ltr'>Antea</span> <span class='ocrx_word' id='word_1_59' title='bbox 325 1179 395 1222; x_wconf 87' lang='lat' dir='ltr'>vero</span> <span class='ocrx_word' id='word_1_60' title='bbox 424 1161 678 1225; x_wconf 89' lang='lat' dir='ltr'>observatiuncula</span> <span class='ocrx_word' id='word_1_61' title='bbox 712 1164 748 1225; x_wconf 89' lang='lat' dir='ltr'>de</span> <span class='ocrx_word' id='word_1_62' title='bbox 773 1164 854 1226; x_wconf 87' lang='lat' dir='ltr'>Grati</span> <span class='ocrx_word' id='word_1_63' title='bbox 883 1165 1067 1245; x_wconf 83' lang='lat' dir='ltr'>Cynegeticis</span> <span class='ocrx_word' id='word_1_64' title='bbox 1100 1164 1262 1237; x_wconf 81' lang='lat' dir='ltr'>inseratur3</span> 
     </span>
     <span class='ocr_line' id='line_1_10' title="bbox 118 1256 1321 1343; baseline 0.002 -22"><span class='ocrx_word' id='word_1_65' title='bbox 118 1277 189 1321; x_wconf 92' lang='lat' dir='ltr'>nam</span> <span class='ocrx_word' id='word_1_66' title='bbox 216 1259 310 1320; x_wconf 92' lang='lat' dir='ltr'>simile</span> <span class='ocrx_word' id='word_1_67' title='bbox 337 1277 442 1321; x_wconf 91' lang='lat' dir='ltr'>eorum</span> <span class='ocrx_word' id='word_1_68' title='bbox 472 1268 679 1339; x_wconf 80' lang='lat' dir='ltr'>argumentum</span> <span class='ocrx_word' id='word_1_69' title='bbox 702 1261 884 1336; x_wconf 87' lang='lat' dir='ltr'>Halieuticis,</span> <span class='ocrx_word' id='word_1_70' title='bbox 907 1281 1085 1343; x_wconf 90' lang='lat' dir='ltr'>quamquam</span> <span class='ocrx_word' id='word_1_71' title='bbox 1108 1264 1260 1341; x_wconf 82' lang='lat' dir='ltr'>ingenium</span> <span class='ocrx_word' id='word_1_72' title='bbox 1320 1256 1321 1260; x_wconf 62' lang='grc'>’</span> 
     </span>
     <span class='ocr_line' id='line_1_11' title="bbox 118 1359 1261 1440; baseline 0.003 -22"><span class='ocrx_word' id='word_1_73' title='bbox 118 1359 175 1418; x_wconf 92' lang='lat' dir='ltr'>hoc</span> <span class='ocrx_word' id='word_1_74' title='bbox 209 1359 320 1420; x_wconf 91' lang='lat' dir='ltr'>cultum</span> <span class='ocrx_word' id='word_1_75' title='bbox 350 1366 379 1419; x_wconf 91' lang='lat' dir='ltr'>et</span> <span class='ocrx_word' id='word_1_76' title='bbox 405 1359 523 1421; x_wconf 89' lang='lat' dir='ltr'>liberale</span> <span class='ocrx_word' id='word_1_77' title='bbox 553 1367 583 1420; x_wconf 91' lang='lat' dir='ltr'>et</span> <span class='ocrx_word' id='word_1_78' title='bbox 609 1359 645 1421; x_wconf 90' lang='lat' dir='ltr'>de</span> <span class='ocrx_word' id='word_1_79' title='bbox 677 1361 793 1440; x_wconf 92' lang='lat' dir='ltr'>poetico</span> <span class='ocrx_word' id='word_1_80' title='bbox 829 1380 968 1424; x_wconf 87' lang='lat' dir='ltr'>sermone</span> <span class='ocrx_word' id='word_1_81' title='bbox 998 1362 1075 1424; x_wconf 88' lang='lat' dir='ltr'>bene</span> <span class='ocrx_word' id='word_1_82' title='bbox 1111 1361 1261 1424; x_wconf 91' lang='lat' dir='ltr'>meritum.</span> 
     </span>
     <span class='ocr_line' id='line_1_12' title="bbox 119 1455 1262 1539; baseline 0.002 -20"><span class='ocrx_word' id='word_1_83' title='bbox 119 1458 214 1531; x_wconf 89' lang='lat' dir='ltr'>Quem</span> <span class='ocrx_word' id='word_1_84' title='bbox 229 1464 331 1518; x_wconf 68' lang='lat' dir='ltr'>umen</span> <span class='ocrx_word' id='word_1_85' title='bbox 353 1455 416 1518; x_wconf 87' lang='lat' dir='ltr'>sine</span> <span class='ocrx_word' id='word_1_86' title='bbox 437 1456 572 1537; x_wconf 83' lang='lat' dir='ltr'>exemplo</span> <span class='ocrx_word' id='word_1_87' title='bbox 587 1477 651 1520; x_wconf 93' lang='lat' dir='ltr'>rem</span> <span class='ocrx_word' id='word_1_88' title='bbox 671 1477 753 1521; x_wconf 91' lang='lat' dir='ltr'>suam</span> <span class='ocrx_word' id='word_1_89' title='bbox 773 1459 948 1539; x_wconf 81' lang='lat' dir='ltr'>adgressum</span> <span class='ocrx_word' id='word_1_90' title='bbox 964 1460 1083 1523; x_wconf 91' lang='lat' dir='ltr'>credere</span> <span class='ocrx_word' id='word_1_91' title='bbox 1104 1459 1262 1532; x_wconf 88' lang='lat' dir='ltr'>dubitabis,</span> 
     </span>
     <span class='ocr_line' id='line_1_13' title="bbox 118 1553 1263 1639; baseline 0.003 -25"><span class='ocrx_word' id='word_1_92' title='bbox 118 1553 188 1616; x_wconf 91' lang='lat' dir='ltr'>licet</span> <span class='ocrx_word' id='word_1_93' title='bbox 214 1573 276 1617; x_wconf 92' lang='lat' dir='ltr'>non</span> <span class='ocrx_word' id='word_1_94' title='bbox 304 1554 382 1616; x_wconf 89' lang='lat' dir='ltr'>adsit</span> <span class='ocrx_word' id='word_1_95' title='bbox 412 1555 490 1635; x_wconf 91' lang='lat' dir='ltr'>quod</span> <span class='ocrx_word' id='word_1_96' title='bbox 517 1573 680 1636; x_wconf 87' lang='lat' dir='ltr'>compares.</span> <span class='ocrx_word' id='word_1_97' title='bbox 724 1557 786 1618; x_wconf 91' lang='lat' dir='ltr'>lam</span> <span class='ocrx_word' id='word_1_98' title='bbox 813 1578 884 1620; x_wconf 90' lang='lat' dir='ltr'>vero</span> <span class='ocrx_word' id='word_1_99' title='bbox 907 1560 985 1639; x_wconf 89' lang='lat' dir='ltr'>apud</span> <span class='ocrx_word' id='word_1_100' title='bbox 1012 1558 1204 1621; x_wconf 83' lang='lat' dir='ltr'>Plutarchum</span> <span class='ocrx_word' id='word_1_101' title='bbox 1230 1558 1263 1618; x_wconf 90' lang='lat' dir='ltr'>in</span> 
     </span>
     <span class='ocr_line' id='line_1_14' title="bbox 118 1652 1262 1736; baseline 0.003 -24"><span class='ocrx_word' id='word_1_102' title='bbox 118 1652 238 1714; x_wconf 90' lang='lat' dir='ltr'>Erotico</span> <span class='ocrx_word' id='word_1_103' title='bbox 254 1671 317 1731; x_wconf 92' lang='lat' dir='ltr'>cap.</span> <span class='ocrx_word' id='word_1_104' title='bbox 336 1652 374 1712; x_wconf 89' lang='grc'>14</span> <span class='ocrx_word' id='word_1_105' title='bbox 397 1652 594 1732; x_wconf 85' lang='lat' dir='ltr'>fragmentum</span> <span class='ocrx_word' id='word_1_106' title='bbox 619 1656 735 1735; x_wconf 90' lang='lat' dir='ltr'>epicum</span> <span class='ocrx_word' id='word_1_107' title='bbox 758 1656 910 1736; x_wconf 92' lang='lat' dir='ltr'>scriptoris</span> <span class='ocrx_word' id='word_1_108' title='bbox 934 1657 1055 1717; x_wconf 89' lang='lat' dir='ltr'>nomine</span> <span class='ocrx_word' id='word_1_109' title='bbox 1075 1674 1136 1717; x_wconf 93' lang='lat' dir='ltr'>non</span> <span class='ocrx_word' id='word_1_110' title='bbox 1162 1655 1262 1718; x_wconf 90' lang='lat' dir='ltr'>addito</span> 
     </span>
     <span class='ocr_line' id='line_1_15' title="bbox 120 1750 1263 1836; baseline 0.002 -23"><span class='ocrx_word' id='word_1_111' title='bbox 120 1752 275 1815; x_wconf 84' lang='lat' dir='ltr'>exhibetur</span> <span class='ocrx_word' id='word_1_112' title='bbox 297 1751 426 1814; x_wconf 88' lang='lat' dir='ltr'>notabile</span> <span class='ocrx_word' id='word_1_113' title='bbox 448 1760 478 1813; x_wconf 94' lang='lat' dir='ltr'>et</span> <span class='ocrx_word' id='word_1_114' title='bbox 501 1752 621 1833; x_wconf 93' lang='lat' dir='ltr'>quidem</span> <span class='ocrx_word' id='word_1_115' title='bbox 648 1754 799 1817; x_wconf 82' lang='lat' dir='ltr'>inducitur</span> <span class='ocrx_word' id='word_1_116' title='bbox 820 1755 878 1817; x_wconf 90' lang='lat' dir='ltr'>ita:</span> <span class='ocrx_word' id='word_1_117' title='bbox 906 1750 991 1817; x_wconf 86' lang='grc' dir='ltr'><strong><em>άλλά</em></strong></span> <span class='ocrx_word' id='word_1_118' title='bbox 1014 1750 1180 1836; x_wconf 80' lang='grc' dir='ltr'><em>δορκάδας</em></span> <span class='ocrx_word' id='word_1_119' title='bbox 1201 1751 1263 1834; x_wconf 80' lang='grc' dir='ltr'>μὲν</span> 
     </span>
     <span class='ocr_line' id='line_1_16' title="bbox 119 1846 1263 1937; baseline 0.001 -25"><span class='ocrx_word' id='word_1_120' title='bbox 119 1846 303 1933; x_wconf 76' lang='grc' dir='ltr'><strong><em>θηρεύουσι</em></strong></span> <span class='ocrx_word' id='word_1_121' title='bbox 332 1849 388 1911; x_wconf 83' lang='grc' dir='ltr'>καὶ</span> <span class='ocrx_word' id='word_1_122' title='bbox 415 1848 564 1928; x_wconf 75' lang='grc' dir='ltr'><strong><em>λαγωούς</em></strong></span> <span class='ocrx_word' id='word_1_123' title='bbox 593 1851 650 1913; x_wconf 82' lang='grc' dir='ltr'>καὶ</span> <span class='ocrx_word' id='word_1_124' title='bbox 679 1848 823 1936; x_wconf 76' lang='grc' dir='ltr'><strong><em>ἐλάφους</em></strong></span> <span class='ocrx_word' id='word_1_125' title='bbox 848 1847 1023 1937; x_wconf 75' lang='grc' dir='ltr'><strong><em>ἀγρότερός</em></strong></span> <span class='ocrx_word' id='word_1_126' title='bbox 1050 1874 1101 1925; x_wconf 91' lang='grc' dir='ltr'>τις</span> <span class='ocrx_word' id='word_1_127' title='bbox 1124 1867 1263 1914; x_wconf 86' lang='grc' dir='ltr'><strong><em>συνεπι-</em></strong></span> 
     </span>
     <span class='ocr_line' id='line_1_17' title="bbox 119 1942 1264 2036; baseline 0.003 -26"><span class='ocrx_word' id='word_1_128' title='bbox 119 1945 271 2011; x_wconf 75' lang='grc' dir='ltr'><strong><em>θωΰσσει</em></strong></span> <span class='ocrx_word' id='word_1_129' title='bbox 287 1946 342 2010; x_wconf 78' lang='grc' dir='ltr'>καὶ</span> <span class='ocrx_word' id='word_1_130' title='bbox 358 1946 543 2032; x_wconf 78' lang='grc' dir='ltr'><em>συνεξορμᾷ</em></span> <span class='ocrx_word' id='word_1_131' title='bbox 554 1942 652 2023; x_wconf 70' lang='grc' dir='ltr'><strong><em>θεός·</em></strong></span> <span class='ocrx_word' id='word_1_132' title='bbox 681 1946 831 2030; x_wconf 82' lang='grc' dir='ltr'><strong><em>εὔχονται</em></strong></span> <span class='ocrx_word' id='word_1_133' title='bbox 847 1948 881 2015; x_wconf 79' lang='lat' dir='ltr'>d’</span> <span class='ocrx_word' id='word_1_134' title='bbox 899 1947 1078 2036; x_wconf 77' lang='grc' dir='ltr'><strong><em>Ἀρισταίῳ</em></strong></span> <span class='ocrx_word' id='word_1_135' title='bbox 1090 1948 1264 2023; x_wconf 72' lang='grc' dir='ltr'><strong><em>δολοῦντες</em></strong></span> 
     </span>
     <span class='ocr_line' id='line_1_18' title="bbox 119 2042 897 2133; baseline 0.004 -24"><span class='ocrx_word' id='word_1_136' title='bbox 119 2042 284 2131; x_wconf 77' lang='grc' dir='ltr'><strong><em>ὀρύγμασι</em></strong></span> <span class='ocrx_word' id='word_1_137' title='bbox 306 2045 361 2107; x_wconf 79' lang='grc' dir='ltr'>καὶ</span> <span class='ocrx_word' id='word_1_138' title='bbox 384 2043 518 2130; x_wconf 76' lang='grc' dir='ltr'><strong><em>βρόχοις</em></strong></span> <span class='ocrx_word' id='word_1_139' title='bbox 539 2045 656 2122; x_wconf 86' lang='grc' dir='ltr'><strong><em>λόιιους</em></strong></span> <span class='ocrx_word' id='word_1_140' title='bbox 679 2049 735 2111; x_wconf 83' lang='grc' dir='ltr'>καὶ</span> <span class='ocrx_word' id='word_1_141' title='bbox 759 2046 897 2133; x_wconf 82' lang='grc' dir='ltr'><strong><em>ἄρκτους</em></strong></span> 
     </span>
    </p>

    <p class='ocr_par' dir='ltr' id='par_1_4' title="bbox 118 2141 1265 3216">
     <span class='ocr_line' id='line_1_19' title="bbox 219 2141 918 2231; baseline 0.004 -23"><span class='ocrx_word' id='word_1_142' title='bbox 219 2141 256 2218; x_wconf 86' lang='grc' dir='ltr'>δς</span> <span class='ocrx_word' id='word_1_143' title='bbox 277 2145 408 2228; x_wconf 79' lang='grc' dir='ltr'><strong><em>πρῶτος</em></strong></span> <span class='ocrx_word' id='word_1_144' title='bbox 429 2143 593 2230; x_wconf 79' lang='grc' dir='ltr'><strong><em>θήρεσσιν</em></strong></span> <span class='ocrx_word' id='word_1_145' title='bbox 615 2145 716 2230; x_wconf 81' lang='grc' dir='ltr'><em>ἔπηξε</em></span> <span class='ocrx_word' id='word_1_146' title='bbox 738 2145 918 2231; x_wconf 78' lang='grc' dir='ltr'><strong><em>ποδάγρας.</em></strong></span> 
     </span>
     <span class='ocr_line' id='line_1_20' title="bbox 118 2244 1262 2327; baseline 0.003 -21"><span class='ocrx_word' id='word_1_147' title='bbox 118 2244 294 2307; x_wconf 81' lang='lat' dir='ltr'>chametcr</span> <span class='ocrx_word' id='word_1_148' title='bbox 319 2264 444 2308; x_wconf 90' lang='lat' dir='ltr'>mancus</span> <span class='ocrx_word' id='word_1_149' title='bbox 466 2254 525 2322; x_wconf 81' lang='lat' dir='ltr'>est3</span> <span class='ocrx_word' id='word_1_150' title='bbox 547 2248 670 2327; x_wconf 89' lang='lat' dir='ltr'>insuper</span> <span class='ocrx_word' id='word_1_151' title='bbox 696 2247 879 2309; x_wconf 88' lang='lat' dir='ltr'>intolerabile</span> <span class='ocrx_word' id='word_1_152' title='bbox 906 2245 1117 2327; x_wconf 85' lang='lat' dir='ltr'>amphibracby</span> <span class='ocrx_word' id='word_1_153' title='bbox 1139 2247 1262 2310; x_wconf 86' lang='lat' dir='ltr'>verbum</span> 
     </span>
     <span class='ocr_line' id='line_1_21' title="bbox 119 2344 1265 2425; baseline 0.003 -20"><span class='ocrx_word' id='word_1_154' title='bbox 119 2344 196 2406; x_wconf 90' lang='lat' dir='ltr'>circa</span> <span class='ocrx_word' id='word_1_155' title='bbox 217 2345 324 2424; x_wconf 89' lang='lat' dir='ltr'>pedem</span> <span class='ocrx_word' id='word_1_156' title='bbox 346 2345 494 2425; x_wconf 87' lang='lat' dir='ltr'>quintum.</span> <span class='ocrx_word' id='word_1_157' title='bbox 537 2344 653 2406; x_wconf 88' lang='lat' dir='ltr'>Nullam</span> <span class='ocrx_word' id='word_1_158' title='bbox 680 2352 778 2406; x_wconf 90' lang='lat' dir='ltr'>autem</span> <span class='ocrx_word' id='word_1_159' title='bbox 806 2344 936 2425; x_wconf 90' lang='lat' dir='ltr'>speciem</span> <span class='ocrx_word' id='word_1_160' title='bbox 957 2345 1019 2405; x_wconf 90' lang='lat' dir='ltr'>veri</span> <span class='ocrx_word' id='word_1_161' title='bbox 1045 2362 1265 2425; x_wconf 86' lang='lat' dir='ltr'>consequemur</span> 
     </span>
     <span class='ocr_line' id='line_1_22' title="bbox 119 2442 1262 2522; baseline -0.001 -18"><span class='ocrx_word' id='word_1_162' title='bbox 119 2451 286 2506; x_wconf 89' lang='lat' dir='ltr'>resecantes</span> <span class='ocrx_word' id='word_1_163' title='bbox 313 2451 504 2522; x_wconf 90' lang='lat' dir='ltr'>augmentum</span> <span class='ocrx_word' id='word_1_164' title='bbox 525 2443 615 2504; x_wconf 89' lang='lat' dir='ltr'>veluti</span> <span class='ocrx_word' id='word_1_165' title='bbox 640 2442 675 2504; x_wconf 90' lang='lat'>0.</span> <span class='ocrx_word' id='word_1_166' title='bbox 697 2443 897 2506; x_wconf 89' lang='lat' dir='ltr'>Schneiderus</span> <span class='ocrx_word' id='word_1_167' title='bbox 919 2442 1086 2504; x_wconf 85' lang='lat' dir='ltr'>Callimach.</span> <span class='ocrx_word' id='word_1_168' title='bbox 1110 2443 1136 2504; x_wconf 92' lang='lat' dir='ltr'>ll</span> <span class='ocrx_word' id='word_1_169' title='bbox 1158 2444 1262 2522; x_wconf 85' lang='lat' dir='ltr'>fragm.</span> 
     </span>
     <span class='ocr_line' id='line_1_23' title="bbox 120 2535 1263 2624; baseline 0.001 -21"><span class='ocrx_word' id='word_1_170' title='bbox 120 2561 210 2604; x_wconf 93' lang='lat' dir='ltr'>anon.</span> <span class='ocrx_word' id='word_1_171' title='bbox 235 2540 297 2602; x_wconf 81' lang='lat'>379</span> <span class='ocrx_word' id='word_1_172' title='bbox 326 2541 480 2621; x_wconf 89' lang='lat' dir='ltr'>temptavit</span> <span class='ocrx_word' id='word_1_173' title='bbox 505 2535 619 2613; x_wconf 85' lang='grc' dir='ltr'><strong><em>όλοιάς</em></strong></span> <span class='ocrx_word' id='word_1_174' title='bbox 647 2538 731 2623; x_wconf 81' lang='grc' dir='ltr'><strong><em>πῆξε</em></strong></span> <span class='ocrx_word' id='word_1_175' title='bbox 756 2539 942 2624; x_wconf 90' lang='grc' dir='ltr'><strong><em>ποδάγρας,</em></strong></span> <span class='ocrx_word' id='word_1_176' title='bbox 966 2542 1018 2604; x_wconf 92' lang='lat' dir='ltr'>sed</span> <span class='ocrx_word' id='word_1_177' title='bbox 1049 2550 1150 2622; x_wconf 90' lang='lat' dir='ltr'>aperte</span> <span class='ocrx_word' id='word_1_178' title='bbox 1180 2561 1263 2605; x_wconf 90' lang='lat' dir='ltr'>com·</span> 
     </span>
     <span class='ocr_line' id='line_1_24' title="bbox 119 2636 1264 2721; baseline 0.001 -20"><span class='ocrx_word' id='word_1_179' title='bbox 119 2640 250 2720; x_wconf 89' lang='lat' dir='ltr'>positum</span> <span class='ocrx_word' id='word_1_180' title='bbox 267 2639 390 2702; x_wconf 88' lang='lat' dir='ltr'>verbum</span> <span class='ocrx_word' id='word_1_181' title='bbox 406 2639 504 2701; x_wconf 90' lang='lat' dir='ltr'>fuerat</span> <span class='ocrx_word' id='word_1_182' title='bbox 518 2645 569 2700; x_wconf 88' lang='lat' dir='ltr'>aut</span> <span class='ocrx_word' id='word_1_183' title='bbox 583 2636 746 2720; x_wconf 83' lang='grc' dir='ltr'><strong><em>κατέπηξε</em></strong></span> <span class='ocrx_word' id='word_1_184' title='bbox 766 2646 816 2702; x_wconf 94' lang='lat' dir='ltr'>aut</span> <span class='ocrx_word' id='word_1_185' title='bbox 832 2639 938 2700; x_wconf 91' lang='lat' dir='ltr'>melius</span> <span class='ocrx_word' id='word_1_186' title='bbox 954 2637 1124 2721; x_wconf 84' lang='grc' dir='ltr'><strong><em>συνέπηξε.</em></strong></span> <span class='ocrx_word' id='word_1_187' title='bbox 1156 2641 1216 2702; x_wconf 89' lang='lat' dir='ltr'>lam</span> <span class='ocrx_word' id='word_1_188' title='bbox 1231 2641 1264 2702; x_wconf 91' lang='lat' dir='ltr'>in</span> 
     </span>
     <span class='ocr_line' id='line_1_25' title="bbox 119 2736 1263 2819; baseline -0.001 -19"><span class='ocrx_word' id='word_1_189' title='bbox 119 2739 275 2819; x_wconf 86' lang='lat' dir='ltr'>parvulum</span> <span class='ocrx_word' id='word_1_190' title='bbox 296 2738 375 2819; x_wconf 92' lang='lat' dir='ltr'>quod</span> <span class='ocrx_word' id='word_1_191' title='bbox 397 2744 535 2818; x_wconf 88' lang='lat' dir='ltr'>superest</span> <span class='ocrx_word' id='word_1_192' title='bbox 556 2736 683 2816; x_wconf 89' lang='lat' dir='ltr'>spatium</span> <span class='ocrx_word' id='word_1_193' title='bbox 707 2756 782 2816; x_wconf 90' lang='lat' dir='ltr'>quae</span> <span class='ocrx_word' id='word_1_194' title='bbox 797 2745 864 2817; x_wconf 89' lang='lat' dir='ltr'>apte</span> <span class='ocrx_word' id='word_1_195' title='bbox 878 2737 1068 2799; x_wconf 90' lang='lat' dir='ltr'>inmittantnr</span> <span class='ocrx_word' id='word_1_196' title='bbox 1083 2757 1144 2798; x_wconf 93' lang='lat' dir='ltr'>non</span> <span class='ocrx_word' id='word_1_197' title='bbox 1161 2738 1263 2800; x_wconf 91' lang='lat' dir='ltr'>multi·</span> 
     </span>
     <span class='ocr_line' id='line_1_26' title="bbox 120 2834 1264 2916; baseline -0.003 -16"><span class='ocrx_word' id='word_1_198' title='bbox 120 2839 194 2901; x_wconf 90' lang='lat' dir='ltr'>faria</span> <span class='ocrx_word' id='word_1_199' title='bbox 221 2846 318 2901; x_wconf 87' lang='lat' dir='ltr'>erunt.</span> <span class='ocrx_word' id='word_1_200' title='bbox 360 2838 419 2900; x_wconf 89' lang='lat' dir='ltr'>Sed</span> <span class='ocrx_word' id='word_1_201' title='bbox 443 2837 524 2898; x_wconf 90' lang='lat' dir='ltr'>enim</span> <span class='ocrx_word' id='word_1_202' title='bbox 546 2854 671 2898; x_wconf 88' lang='lat' dir='ltr'>sensum</span> <span class='ocrx_word' id='word_1_203' title='bbox 698 2836 858 2897; x_wconf 89' lang='lat' dir='ltr'>consulens</span> <span class='ocrx_word' id='word_1_204' title='bbox 879 2835 950 2915; x_wconf 92' lang='lat' dir='ltr'>quid</span> <span class='ocrx_word' id='word_1_205' title='bbox 970 2836 1038 2897; x_wconf 92' lang='lat' dir='ltr'>addi</span> <span class='ocrx_word' id='word_1_206' title='bbox 1062 2843 1114 2898; x_wconf 88' lang='lat' dir='ltr'>aut</span> <span class='ocrx_word' id='word_1_207' title='bbox 1132 2834 1264 2916; x_wconf 93' lang='lat' dir='ltr'>potuerit</span> 
     </span>
     <span class='ocr_line' id='line_1_27' title="bbox 120 2933 1263 3017; baseline -0.006 -16"><span class='ocrx_word' id='word_1_208' title='bbox 120 2945 170 3001; x_wconf 94' lang='lat' dir='ltr'>aut</span> <span class='ocrx_word' id='word_1_209' title='bbox 191 2938 326 3001; x_wconf 91' lang='lat' dir='ltr'>debuerit</span> <span class='ocrx_word' id='word_1_210' title='bbox 348 2938 422 2999; x_wconf 91' lang='lat' dir='ltr'>nihil</span> <span class='ocrx_word' id='word_1_211' title='bbox 441 2936 540 3017; x_wconf 90' lang='lat' dir='ltr'>aptius</span> <span class='ocrx_word' id='word_1_212' title='bbox 567 2935 688 2996; x_wconf 83' lang='lat' dir='ltr'>invenio</span> <span class='ocrx_word' id='word_1_213' title='bbox 711 2933 769 2996; x_wconf 90' lang='lat' dir='ltr'>nisi</span> <span class='ocrx_word' id='word_1_214' title='bbox 795 2934 865 2996; x_wconf 89' lang='lat' dir='ltr'>boc:</span> <span class='ocrx_word' id='word_1_215' title='bbox 894 2934 1045 2997; x_wconf 78' lang='lat' dir='ltr'>Aristaeus</span> <span class='ocrx_word' id='word_1_216' title='bbox 1072 2933 1123 3014; x_wconf 90' lang='lat' dir='ltr'>qui</span> <span class='ocrx_word' id='word_1_217' title='bbox 1148 2934 1263 3014; x_wconf 89' lang='lat' dir='ltr'>primus</span> 
     </span>
     <span class='ocr_line' id='line_1_28' title="bbox 120 3032 1264 3118; baseline -0.003 -21"><span class='ocrx_word' id='word_1_218' title='bbox 120 3036 223 3099; x_wconf 91' lang='lat' dir='ltr'>bestiis</span> <span class='ocrx_word' id='word_1_219' title='bbox 243 3037 359 3118; x_wconf 91' lang='lat' dir='ltr'>pedicas</span> <span class='ocrx_word' id='word_1_220' title='bbox 379 3036 538 3098; x_wconf 90' lang='lat' dir='ltr'>fabricatus</span> <span class='ocrx_word' id='word_1_221' title='bbox 564 3053 604 3096; x_wconf 83' lang='lat' dir='ltr'>ex</span> <span class='ocrx_word' id='word_1_222' title='bbox 629 3033 694 3095; x_wconf 90' lang='lat' dir='ltr'>hac</span> <span class='ocrx_word' id='word_1_223' title='bbox 720 3033 777 3094; x_wconf 87' lang='lat' dir='ltr'>vel</span> <span class='ocrx_word' id='word_1_224' title='bbox 803 3032 868 3095; x_wconf 93' lang='lat' dir='ltr'>illa</span> <span class='ocrx_word' id='word_1_225' title='bbox 895 3033 1052 3096; x_wconf 90' lang='lat' dir='ltr'>materia</span> <span class='ocrx_word' id='word_1_226' title='bbox 1079 3039 1138 3107; x_wconf 82' lang='lat' dir='ltr'>cst3</span> <span class='ocrx_word' id='word_1_227' title='bbox 1164 3033 1264 3113; x_wconf 91' lang='lat' dir='ltr'>itaque</span> 
     </span>
     <span class='ocr_line' id='line_1_29' title="bbox 120 3132 703 3216; baseline -0.009 -18"><span class='ocrx_word' id='word_1_228' title='bbox 120 3136 201 3198; x_wconf 90' lang='lat' dir='ltr'>credi</span> <span class='ocrx_word' id='word_1_229' title='bbox 221 3154 292 3198; x_wconf 91' lang='lat' dir='ltr'>sane</span> <span class='ocrx_word' id='word_1_230' title='bbox 312 3142 412 3216; x_wconf 90' lang='lat' dir='ltr'>potest</span> <span class='ocrx_word' id='word_1_231' title='bbox 431 3134 575 3213; x_wconf 91' lang='lat' dir='ltr'>scriptum</span> <span class='ocrx_word' id='word_1_232' title='bbox 596 3132 703 3194; x_wconf 88' lang='lat' dir='ltr'>fuisse:</span> 
     </span>
    </p>

    <p class='ocr_par' dir='ltr' id='par_1_5' title="bbox 205 3224 1074 3317">
     <span class='ocr_line' id='line_1_30' title="bbox 205 3224 1074 3317; baseline -0.008 -20"><span class='ocrx_word' id='word_1_233' title='bbox 205 3229 242 3307; x_wconf 85' lang='grc' dir='ltr'>δς</span> <span class='ocrx_word' id='word_1_234' title='bbox 264 3233 394 3317; x_wconf 77' lang='grc' dir='ltr'><strong><em>πρῶτος</em></strong></span> <span class='ocrx_word' id='word_1_235' title='bbox 416 3229 561 3315; x_wconf 77' lang='grc' dir='ltr'><strong><em>θήρεσσι</em></strong></span> <span class='ocrx_word' id='word_1_236' title='bbox 584 3227 683 3314; x_wconf 88' lang='grc' dir='ltr'><strong><em>δρυὸς</em></strong></span> <span class='ocrx_word' id='word_1_237' title='bbox 705 3224 867 3312; x_wconf 82' lang='grc' dir='ltr'><strong><em>συνέπηξε</em></strong></span> <span class='ocrx_word' id='word_1_238' title='bbox 886 3227 1074 3312; x_wconf 84' lang='grc' dir='ltr'><strong><em>ποδάγρας;</em></strong></span> 
     </span>
    </p>

    <p class='ocr_par' dir='ltr' id='par_1_6' title="bbox 119 3326 1266 3609">
     <span class='ocr_line' id='line_1_31' title="bbox 122 3326 1264 3415; baseline -0.01 -19"><span class='ocrx_word' id='word_1_239' title='bbox 122 3332 170 3409; x_wconf 84' lang='lat' dir='ltr'>(cf.</span> <span class='ocrx_word' id='word_1_240' title='bbox 211 3326 404 3415; x_wconf 79' lang='grc' dir='ltr'><strong><em>δρυοπαγής</em></strong></span> <span class='ocrx_word' id='word_1_241' title='bbox 440 3330 614 3394; x_wconf 85' lang='lat' dir='ltr'>adiectirum</span> <span class='ocrx_word' id='word_1_242' title='bbox 652 3327 730 3408; x_wconf 89' lang='lat' dir='ltr'>apud</span> <span class='ocrx_word' id='word_1_243' title='bbox 767 3328 945 3409; x_wconf 90' lang='lat' dir='ltr'>Sophoclem</span> <span class='ocrx_word' id='word_1_244' title='bbox 980 3327 1083 3407; x_wconf 83' lang='lat' dir='ltr'>fragm.</span> <span class='ocrx_word' id='word_1_245' title='bbox 1111 3326 1174 3387; x_wconf 86' lang='grc'>634</span> <span class='ocrx_word' id='word_1_246' title='bbox 1199 3327 1264 3402; x_wconf 77' lang='grc' dir='ltr'><strong>Ν.);</strong></span> 
     </span>
     <span class='ocr_line' id='line_1_32' title="bbox 119 3424 1266 3514; baseline -0.006 -22"><span class='ocrx_word' id='word_1_247' title='bbox 119 3432 285 3514; x_wconf 78' lang='grc' dir='ltr'><strong><em>θηρεσσιν</em></strong></span> <span class='ocrx_word' id='word_1_248' title='bbox 317 3431 397 3492; x_wconf 91' lang='lat' dir='ltr'>enim</span> <span class='ocrx_word' id='word_1_249' title='bbox 428 3438 459 3492; x_wconf 88' lang='lat' dir='ltr'>et</span> <span class='ocrx_word' id='word_1_250' title='bbox 484 3426 649 3510; x_wconf 91' lang='grc' dir='ltr'><strong><em>δρυοσσυν</em></strong></span> <span class='ocrx_word' id='word_1_251' title='bbox 677 3434 738 3490; x_wconf 67' lang='grc' dir='ltr'><strong><em>λεια</em></strong></span> <span class='ocrx_word' id='word_1_252' title='bbox 765 3427 870 3488; x_wconf 89' lang='lat' dir='ltr'>similia</span> <span class='ocrx_word' id='word_1_253' title='bbox 896 3428 974 3489; x_wconf 91' lang='lat' dir='ltr'>inter</span> <span class='ocrx_word' id='word_1_254' title='bbox 1005 3445 1037 3488; x_wconf 88' lang='lat' dir='ltr'>se</span> <span class='ocrx_word' id='word_1_255' title='bbox 1066 3433 1100 3487; x_wconf 90' lang='lat' dir='ltr'>ut</span> <span class='ocrx_word' id='word_1_256' title='bbox 1128 3424 1266 3486; x_wconf 88' lang='lat' dir='ltr'>facillime</span> 
     </span>
     <span class='ocr_line' id='line_1_33' title="bbox 119 3527 670 3609; baseline -0.009 -17"><span class='ocrx_word' id='word_1_257' title='bbox 119 3530 295 3592; x_wconf 87' lang='lat' dir='ltr'>alterutrum</span> <span class='ocrx_word' id='word_1_258' title='bbox 317 3527 512 3609; x_wconf 85' lang='lat' dir='ltr'>praetermitti</span> <span class='ocrx_word' id='word_1_259' title='bbox 532 3527 670 3608; x_wconf 88' lang='lat' dir='ltr'>potuerit.</span> 
     </span>
    </p>

    <p class='ocr_par' dir='ltr' id='par_1_7' title="bbox 119 3620 1266 4397">
     <span class='ocr_line' id='line_1_34' title="bbox 206 3620 1266 3708; baseline -0.007 -19"><span class='ocrx_word' id='word_1_260' title='bbox 206 3630 309 3708; x_wconf 90' lang='lat' dir='ltr'>ltaque</span> <span class='ocrx_word' id='word_1_261' title='bbox 328 3627 531 3708; x_wconf 88' lang='lat' dir='ltr'>fragmentum</span> <span class='ocrx_word' id='word_1_262' title='bbox 544 3627 603 3687; x_wconf 91' lang='lat' dir='ltr'>hoc</span> <span class='ocrx_word' id='word_1_263' title='bbox 617 3625 668 3688; x_wconf 92' lang='lat' dir='ltr'>nbi</span> <span class='ocrx_word' id='word_1_264' title='bbox 683 3623 845 3686; x_wconf 76' lang='lat' dir='ltr'>erstisterit</span> <span class='ocrx_word' id='word_1_265' title='bbox 864 3631 943 3685; x_wconf 89' lang='lat' dir='ltr'>certa</span> <span class='ocrx_word' id='word_1_266' title='bbox 959 3621 1079 3702; x_wconf 93' lang='lat' dir='ltr'>quidem</span> <span class='ocrx_word' id='word_1_267' title='bbox 1095 3620 1266 3683; x_wconf 89' lang='lat' dir='ltr'>coniectura</span> 
     </span>
     <span class='ocr_line' id='line_1_35' title="bbox 122 3719 1263 3807; baseline -0.006 -20"><span class='ocrx_word' id='word_1_268' title='bbox 122 3726 179 3788; x_wconf 90' lang='lat' dir='ltr'>dici</span> <span class='ocrx_word' id='word_1_269' title='bbox 201 3727 323 3807; x_wconf 83' lang='lat' dir='ltr'>nequit3</span> <span class='ocrx_word' id='word_1_270' title='bbox 349 3726 416 3806; x_wconf 87' lang='lat' dir='ltr'>quis</span> <span class='ocrx_word' id='word_1_271' title='bbox 444 3723 524 3786; x_wconf 91' lang='lat' dir='ltr'>enim</span> <span class='ocrx_word' id='word_1_272' title='bbox 547 3724 675 3804; x_wconf 86' lang='lat' dir='ltr'>exempli</span> <span class='ocrx_word' id='word_1_273' title='bbox 695 3723 786 3802; x_wconf 89' lang='lat' dir='ltr'>gratia</span> <span class='ocrx_word' id='word_1_274' title='bbox 807 3723 833 3784; x_wconf 86' lang='lat' dir='ltr'>si</span> <span class='ocrx_word' id='word_1_275' title='bbox 852 3721 956 3802; x_wconf 88' lang='lat' dir='ltr'>legerit</span> <span class='ocrx_word' id='word_1_276' title='bbox 975 3721 1051 3801; x_wconf 87' lang='lat' dir='ltr'>apud</span> <span class='ocrx_word' id='word_1_277' title='bbox 1073 3719 1263 3782; x_wconf 81' lang='lat' dir='ltr'>llustathium</span> 
     </span>
     <span class='ocr_line' id='line_1_36' title="bbox 119 3808 1266 3906; baseline -0.006 -19"><span class='ocrx_word' id='word_1_278' title='bbox 119 3844 149 3906; x_wconf 94' lang='lat' dir='ltr'>p.</span> <span class='ocrx_word' id='word_1_279' title='bbox 167 3826 248 3888; x_wconf 81' lang='lat'>1057</span> <span class='ocrx_word' id='word_1_280' title='bbox 264 3826 283 3887; x_wconf 93' lang='lat' dir='ltr'>l.</span> <span class='ocrx_word' id='word_1_281' title='bbox 299 3827 320 3886; x_wconf 87' lang='lat'>4</span> <span class='ocrx_word' id='word_1_282' title='bbox 334 3826 421 3887; x_wconf 91' lang='lat' dir='ltr'>hacc:</span> <span class='ocrx_word' id='word_1_283' title='bbox 515 3821 551 3886; x_wconf 79' lang='grc' dir='ltr'>δν</span> <span class='ocrx_word' id='word_1_284' title='bbox 575 3818 713 3906; x_wconf 81' lang='grc' dir='ltr'><strong><em>ποιήσει</em></strong></span> <span class='ocrx_word' id='word_1_285' title='bbox 739 3819 775 3883; x_wconf 89' lang='grc' dir='ltr'>τό</span> <span class='ocrx_word' id='word_1_286' title='bbox 804 3808 901 3894; x_wconf 76' lang='grc' dir='ltr'><strong><em>οὖλος</em></strong></span> <span class='ocrx_word' id='word_1_287' title='bbox 927 3815 948 3883; x_wconf 88' lang='grc' dir='ltr'><strong><em>δ</em></strong></span> <span class='ocrx_word' id='word_1_288' title='bbox 969 3815 1127 3903; x_wconf 68' lang='grc' dir='ltr'><strong><em>ὀλέθριος</em></strong></span> <span class='ocrx_word' id='word_1_289' title='bbox 1147 3809 1186 3880; x_wconf 85' lang='grc' dir='ltr'>οὗ</span> <span class='ocrx_word' id='word_1_290' title='bbox 1206 3813 1266 3880; x_wconf 86' lang='grc' dir='ltr'>σό-</span> 
     </span>
     <span class='ocr_line' id='line_1_37' title="bbox 120 3912 1266 4005; baseline -0.008 -20"><span class='ocrx_word' id='word_1_291' title='bbox 120 3926 223 3986; x_wconf 72' lang='grc' dir='ltr'><strong><em>βετον</em></strong></span> <span class='ocrx_word' id='word_1_292' title='bbox 242 3922 280 3986; x_wconf 87' lang='grc' dir='ltr'>τὸ</span> <span class='ocrx_word' id='word_1_293' title='bbox 296 3918 474 4005; x_wconf 82' lang='grc' dir='ltr'><strong><em>οὗλοβόρος</em></strong></span> <span class='ocrx_word' id='word_1_294' title='bbox 489 3919 569 4000; x_wconf 76' lang='grc' dir='ltr'><strong><em>ἔχις,</em></strong></span> <span class='ocrx_word' id='word_1_295' title='bbox 594 3919 676 3996; x_wconf 75' lang='grc' dir='ltr'><strong><em>οἷον,</em></strong></span> <span class='ocrx_word' id='word_1_296' title='bbox 700 3921 738 3982; x_wconf 75' lang='grc' dir='ltr'>εἰ</span> <span class='ocrx_word' id='word_1_297' title='bbox 753 3917 905 4001; x_wconf 76' lang='grc' dir='ltr'><strong><em>ἔτυμον</em></strong></span> <span class='ocrx_word' id='word_1_298' title='bbox 919 3916 964 3985; x_wconf 82' lang='grc' dir='ltr'>τὸ</span> <span class='ocrx_word' id='word_1_299' title='bbox 979 3916 1047 3999; x_wconf 77' lang='grc' dir='ltr'>τὴν</span> <span class='ocrx_word' id='word_1_300' title='bbox 1062 3912 1266 3998; x_wconf 82' lang='grc' dir='ltr'><strong><em>μύραιναν</em></strong></span> 
     </span>
     <span class='ocr_line' id='line_1_38' title="bbox 121 4011 1265 4105; baseline -0.008 -24"><span class='ocrx_word' id='word_1_301' title='bbox 121 4018 191 4083; x_wconf 82' lang='grc' dir='ltr'>συν</span> <span class='ocrx_word' id='word_1_302' title='bbox 226 4016 481 4105; x_wconf 80' lang='grc' dir='ltr'><strong><em>οὐλοβόροις</em></strong></span> <span class='ocrx_word' id='word_1_303' title='bbox 518 4018 686 4099; x_wconf 75' lang='grc' dir='ltr'><strong><em>ἐχέεσσι</em></strong></span> <span class='ocrx_word' id='word_1_304' title='bbox 721 4015 986 4101; x_wconf 70' lang='grc' dir='ltr'><strong><em>θόρνυσθαι,</em></strong></span> <span class='ocrx_word' id='word_1_305' title='bbox 1021 4011 1124 4096; x_wconf 82' lang='grc' dir='ltr'><strong><em>ἤγουν</em></strong></span> <span class='ocrx_word' id='word_1_306' title='bbox 1161 4029 1265 4092; x_wconf 83' lang='grc' dir='ltr'><strong><em>σπερ-</em></strong></span> 
     </span>
     <span class='ocr_line' id='line_1_39' title="bbox 120 4106 1266 4204; baseline -0.01 -22"><span class='ocrx_word' id='word_1_307' title='bbox 120 4123 275 4201; x_wconf 77' lang='grc' dir='ltr'><strong><em>μαίνειν,</em></strong></span> <span class='ocrx_word' id='word_1_308' title='bbox 301 4115 410 4204; x_wconf 73' lang='grc' dir='ltr'><strong><em>θορόν</em></strong></span> <span class='ocrx_word' id='word_1_309' title='bbox 436 4119 616 4198; x_wconf 73' lang='grc' dir='ltr'><strong><em>δέχεσθαι,</em></strong></span> <span class='ocrx_word' id='word_1_310' title='bbox 646 4116 938 4199; x_wconf 83' lang='grc' dir='ltr'><strong><em>προλιποῦσαν</em></strong></span> <span class='ocrx_word' id='word_1_311' title='bbox 960 4109 1057 4184; x_wconf 86' lang='grc' dir='ltr'><strong><em>άλός</em></strong></span> <span class='ocrx_word' id='word_1_312' title='bbox 1086 4106 1266 4191; x_wconf 84' lang='grc' dir='ltr'><strong><em>νομόν-</em></strong></span> 
     </span>
     <span class='ocr_line' id='line_1_40' title="bbox 120 4205 1264 4300; baseline -0.012 -19"><span class='ocrx_word' id='word_1_313' title='bbox 120 4219 187 4300; x_wconf 89' lang='lat' dir='ltr'>quis</span> <span class='ocrx_word' id='word_1_314' title='bbox 208 4237 271 4282; x_wconf 92' lang='lat' dir='ltr'>non</span> <span class='ocrx_word' id='word_1_315' title='bbox 290 4220 414 4299; x_wconf 92' lang='lat' dir='ltr'>inquam</span> <span class='ocrx_word' id='word_1_316' title='bbox 439 4217 587 4280; x_wconf 91' lang='lat' dir='ltr'>halieutici</span> <span class='ocrx_word' id='word_1_317' title='bbox 608 4216 729 4279; x_wconf 89' lang='lat' dir='ltr'>alicuius</span> <span class='ocrx_word' id='word_1_318' title='bbox 753 4213 821 4277; x_wconf 92' lang='lat' dir='ltr'>libri</span> <span class='ocrx_word' id='word_1_319' title='bbox 843 4217 1043 4294; x_wconf 90' lang='lat' dir='ltr'>fragmentum</span> <span class='ocrx_word' id='word_1_320' title='bbox 1071 4205 1264 4271; x_wconf 72' lang='lat' dir='ltr'>odorabitur‘.f</span> 
     </span>
     <span class='ocr_line' id='line_1_41' title="bbox 119 4305 1265 4397; baseline -0.011 -16"><span class='ocrx_word' id='word_1_321' title='bbox 119 4320 173 4382; x_wconf 88' lang='lat' dir='ltr'>sed</span> <span class='ocrx_word' id='word_1_322' title='bbox 193 4318 342 4383; x_wconf 83' lang='lat' dir='ltr'>Theriacis</span> <span class='ocrx_word' id='word_1_323' title='bbox 369 4318 495 4381; x_wconf 89' lang='lat' dir='ltr'>debetur</span> <span class='ocrx_word' id='word_1_324' title='bbox 514 4315 653 4378; x_wconf 78' lang='lat' dir='ltr'>Nicandri</span> <span class='ocrx_word' id='word_1_325' title='bbox 676 4333 703 4375; x_wconf 89' lang='lat' dir='ltr'>v.</span> <span class='ocrx_word' id='word_1_326' title='bbox 720 4313 782 4376; x_wconf 80' lang='lat'>826</span> <span class='ocrx_word' id='word_1_327' title='bbox 794 4334 838 4397; x_wconf 91' lang='lat' dir='ltr'>sq.</span> <span class='ocrx_word' id='word_1_328' title='bbox 862 4313 912 4392; x_wconf 72' lang='lat' dir='ltr'>(of.</span> <span class='ocrx_word' id='word_1_329' title='bbox 932 4309 1074 4374; x_wconf 77' lang='lat' dir='ltr'>Athenaei</span> <span class='ocrx_word' id='word_1_330' title='bbox 1095 4326 1125 4387; x_wconf 91' lang='lat' dir='ltr'>p.</span> <span class='ocrx_word' id='word_1_331' title='bbox 1147 4305 1210 4368; x_wconf 81' lang='lat'>312</span> <span class='ocrx_word' id='word_1_332' title='bbox 1226 4307 1265 4383; x_wconf 74' lang='grc' dir='ltr'>ὓς</span> 
     </span>
    </p>
   </div>
   <div class='ocr_carea' id='block_1_3' title="bbox 119 4404 1265 4564">
    <p class='ocr_par' dir='ltr' id='par_1_8' title="bbox 119 4404 1265 4564">
     <span class='ocr_line' id='line_1_42' title="bbox 119 4404 1265 4564; baseline -0.011 -85"><span class='ocrx_word' id='word_1_333' title='bbox 119 4413 530 4499; x_wconf 82' lang='lat' dir='ltr'>0.ScbneideriNio.p.149;</span> <span class='ocrx_word' id='word_1_334' title='bbox 545 4409 739 4496; x_wconf 74' lang='grc' dir='ltr'><strong><em>οὐλοβόροις</em></strong></span> <span class='ocrx_word' id='word_1_335' title='bbox 750 4421 848 4477; x_wconf 90' lang='lat' dir='ltr'>autem</span> <span class='ocrx_word' id='word_1_336' title='bbox 860 4429 946 4475; x_wconf 88' lang='lat' dir='ltr'>secus</span> <span class='ocrx_word' id='word_1_337' title='bbox 958 4409 1105 4564; x_wconf 51' lang='lat' dir='ltr'>errplicaqq⁵</span> <span class='ocrx_word' id='word_1_338' title='bbox 1113 4404 1265 4469; x_wconf 88' lang='lat' dir='ltr'>dissuadet</span> 
     </span>
    </p>
   </div>
   <div class='ocr_carea' id='block_1_4' title="bbox 0 0 1470 5018">
    <p class='ocr_par' dir='ltr' id='par_1_9' title="bbox 0 0 1470 5018">
     <span class='ocr_line' id='line_1_43' title="bbox 0 0 1470 5018; baseline 0 0"><span class='ocrx_word' id='word_1_339' title='bbox 0 0 1470 5018; x_wconf 95' lang='lat' dir='ltr'> </span> 
     </span>
    </p>
   </div>
  </div>
 </body>
</html>
