2924 5018
627 219 870 282 -101-

173 406 362 466 occaecatus,
379 407 430 456 out
444 400 521 457 circs
534 406 643 457 amara
659 396 733 456 dedit
748 405 798 457 cat
813 395 998 470 celeritatem
1020 414 1096 474 quac
1111 415 1216 475 parurn
1232 417 1320 460 accu-

172 506 236 558 rate
260 497 335 559 dicta
351 495 570 570 animadverte3
592 494 724 556 celeritas
748 494 827 555 enirn
843 495 873 555 ni
888 495 972 554 fallor
986 493 1124 573 primitus
1139 515 1187 556 eas
1202 503 1319 558 tantum

173 594 281 655 bestias
304 603 408 654 notare
431 601 548 673 poterat
570 612 645 673 qnae
668 593 813 672 effugiunt
835 592 945 654 viribus
975 600 1110 654 carentes
1133 593 1319 676 debebatque

172 693 275 754 scribi:
301 694 357 765 „at
379 692 449 773 quia
472 692 573 753 multis
598 692 721 754 bestiis“
745 693 789 752 vel
813 699 847 752 ut
870 690 1073 752 coniecturam
1094 691 1253 755 faciamus:
1286 693 1320 754 la

170 797 197 852 st
210 792 311 873 paribus
327 791 419 853 hestiis
434 810 496 871 eqs.
530 790 609 852 Haec
624 797 725 852 aulem
740 789 836 850 fusius
852 789 1034 870 explicantur
1056 789 1088 850 in
1110 790 1175 869 ipso
1192 810 1319 854 excursu

172 891 333 970 poematis3
355 889 438 950 cuius
461 907 565 950 sensus
581 888 627 949 his
643 887 737 949 verbis
753 888 972 968 comprimitur:
995 886 1100 969 Saepta
1114 893 1195 970 sequi
1210 901 1319 952 amurca

170 1000 264 1050 maaet
286 987 332 1049 cel
353 991 509 1050 comminus
530 992 572 1048 ire
595 990 644 1061 (cl.
668 986 757 1048 etiam
781 987 1075 1048 occultationem
1099 989 1176 1068 apud
1199 988 1318 1051 Cicero-

171 1107 240 1149 nem
259 1087 341 1162 127).
384 1087 480 1168 Atque
506 1105 574 1147 cum
596 1104 699 1147 canaam
724 1088 821 1165 capaci
843 1087 947 1146 virtute
972 1087 1100 1148 veaaadi
1113 1086 1187 1163 (llal.
1205 1088 1244 1148 75
1259 1089 1317 1168 sq.)

170 1186 351 1248 contendere
366 1186 447 1247 iuvat
459 1186 516 1247 Cic.
533 1191 550 1259 §
566 1185 640 1246 158:
677 1183 790 1246 Caaum
802 1229 829 1244 ..
846 1229 872 1244 ..
886 1193 946 1244 tam
960 1184 1133 1246 ahcredlhih's
1148 1185 1187 1246 ad
1200 1189 1316 1247 inoesti-

167 1285 294 1363 paadam
319 1289 459 1365 capacitas
481 1287 607 1355 acanum,
635 1294 716 1345 taam
732 1283 868 1346 alacritas
890 1286 921 1344 ia
945 1285 1094 1359 oeaaod03
1116 1283 1151 1344 cf.
1169 1285 1315 1349 Plutarchi

168 1402 199 1463 p.
215 1383 277 1444 969
293 1384 323 1444 Β.

255 1483 313 1544 Sed
338 1483 418 1544 enim
441 1483 472 1544 in
496 1481 558 1542 v.3
581 1488 668 1562 poeta
692 1479 782 1542 simul
805 1481 913 1543 mirum
929 1480 962 1542 in
984 1481 1108 1542 modum
1131 1484 1315 1562 exaggeravit

168 1582 238 1644 rem'
254 1582 435 1662 variavitque
458 1589 492 1642 ut
513 1581 636 1642 adderet
658 1581 695 1641 de
718 1580 827 1642 vitulo:
849 1578 910 1651 Qui
931 1581 1058 1642 aaadaua
1077 1584 1151 1660 perit
1171 1585 1202 1642 io
1216 1593 1315 1644 teucro

166 1686 227 1745 iam
242 1699 350 1743 aaraaaa
364 1683 469 1761 [rorate.
507 1681 589 1753 Quae
611 1699 626 1740 a
649 1697 682 1740 re
704 1680 798 1741 aliena
814 1679 982 1741 Lucretiani
1005 1679 1060 1741 loci
1081 1679 1237 1740 imitationi
1262 1682 1313 1742 dc-

168 1783 277 1843 bentur
300 1780 395 1842 notati
428 1780 486 1840 iam
510 1779 699 1858 a'Zingerleo
722 1779 833 1860 quique
855 1779 895 1841 ita
918 1779 979 1839 sere
1002 1797 1018 1840 a
1042 1778 1220 1840 doctissimis
1243 1780 1313 1842 viris

166 1880 266 1941 editur
284 1881 307 1940 V
322 1877 416 1940 1028:

267 2019 303 2077 at
327 2017 422 2078 varios
446 2017 561 2097 linguae
584 2017 701 2079 sonitus
724 2026 829 2078 natura
851 2015 967 2096 subegit

266 2117 381 2179 Mittere
405 2125 435 2177 et
456 2116 567 2177 utilitas
592 2116 737 2195 expressit
760 2115 882 2177 nomina
905 2134 1017 2190 rerum,

266 2215 334 2276 Non
356 2214 411 2276 alia
434 2215 520 2294 longe
543 2215 659 2277 ratione
682 2221 770 2295 atque
792 2215 855 2295 ipsa
879 2215 994 2275 videtur

266 2314 440 2375 Protrahere
464 2313 501 2374 ad
523 2320 639 2392 gestum
662 2332 770 2393 pueros
792 2313 917 2374 infantia
938 2313 1057 2392 linguae

210 2407 213 2411 ’
264 2414 337 2474 Cum
361 2412 430 2473 lacit
452 2420 486 2473 ut
509 2412 600 2491 digito
624 2431 701 2492 quae
724 2412 784 2472 sint
806 2413 971 2492 praesentia
994 2420 1175 2474 monstrent.

264 2511 359 2574 Sentit
382 2511 461 2573 enim
484 2511 543 2571 vim
566 2511 692 2591 quisque
715 2528 799 2572 suam
823 2511 921 2592 quoad
944 2510 1038 2590 possit
1060 2509 1151 2572 abuti.

264 2610 405 2671 Cornua
428 2617 498 2672 nata
520 2609 604 2690 prius
627 2608 746 2671 vitulo
769 2629 858 2689 quam
881 2608 1031 2672 frontibus
1054 2617 1155 2672 extent

263 2709 323 2770 lllis
345 2709 438 2770 iratus
461 2709 535 2787 petit
557 2716 647 2788 atque
669 2708 795 2770 infestus
819 2709 952 2788 inurget

263 2808 300 2868 at
322 2807 437 2868 catuli
460 2808 673 2886 pantherarum
696 2808 868 2889 scymnique
891 2809 1048 2870 leonum

264 2905 416 2985 Unguibus
438 2923 472 2966 ac
493 2905 618 2986 pedibus
641 2907 701 2966 iam
724 2913 787 2968 tum
811 2924 1011 2988 morsuque
1033 2919 1263 2989 repugnant,
1324 2895 1358 2950 ⁴⁶²

261 3004 314 3088 llix
336 3003 424 3065 etiam
448 3023 515 3066 cum
538 3011 609 3065 sunt
631 3005 735 3067 dentes
757 3024 933 3087 unguesque
956 3006 1056 3068 creati.

260 3103 429 3165 Alituum
452 3121 542 3184 porro
565 3122 660 3182 genus
683 3104 735 3165 alis
759 3123 848 3166 omne
871 3105 1004 3166 videmus

261 3202 365 3264 Fidere
388 3211 417 3264 et
441 3222 456 3263 a
479 3202 605 3282 pinnis
628 3203 789 3265 tremulum
812 3210 913 3283 petere
936 3203 1118 3266 auxiliatum.

159 3331 219 3392 Sed
242 3330 321 3392 enim
337 3332 493 3395 Lucretius
517 3351 605 3414 quem
628 3332 733 3412 legisse
756 3331 876 3413 quidem
899 3332 990 3394 libros
1005 3332 1161 3413 Chrysippi
1184 3335 1306 3397 minime

159 3428 353 3508 improbabile
369 3441 414 3492 est
429 3430 479 3510 (cl.
491 3432 560 3493 adn.
572 3430 707 3492 Munrois
723 3430 757 3491 ad
774 3431 787 3490 l
803 3429 874 3490 430.
888 3429 960 3491 459.
974 3429 1035 3491 782
1059 3442 1088 3493 et
1103 3431 1237 3512 passim),
1261 3442 1305 3495 ta-

159 3548 230 3593 men
247 3549 368 3610 prorsus
383 3530 462 3592 aliud
478 3531 524 3592 his
540 3529 683 3610 exemplis
707 3529 782 3590 ellici
798 3528 903 3589 voluit:
927 3528 1026 3590 intans
1043 3537 1202 3610 antequam
1224 3532 1305 3614 loqui

157 3638 257 3709 potest
277 3629 336 3690 iam
352 3629 409 3690 vim
426 3636 526 3691 tamen
541 3637 779 3709 potestatemque
795 3627 935 3707 loquendi
950 3627 1004 3688 sibi
1021 3629 1188 3691 adfuturam
1203 3632 1303 3694 sentit.

157 3727 260 3809 ltaque
281 3747 384 3789 verum
408 3729 527 3808 pondus
549 3728 627 3808 apud
644 3727 814 3790 Lucretium
838 3727 969 3808 positum
993 3727 1090 3789 estin
1113 3748 1185 3791 voce
1202 3735 1304 3810 prius-

156 3845 244 3911 quam
266 3835 297 3888 et
319 3830 378 3889 aaa.
422 3827 563 3907 Sequitur
584 3836 683 3888 autem
717 3846 765 3889 me
798 3827 894 3888 iudice
916 3834 950 3887 ut
972 3846 998 3888 v.
1018 3825 1098 3888 1033
1121 3828 1171 3908 qui
1195 3828 1233 3890 ita
1257 3830 1303 3890 in-

156 3925 239 3987 libris
263 3933 321 3986 est:
346 3924 436 3987 Sentit
463 3930 538 3988 eadm
564 3929 744 4008 visamque
769 3945 853 3988 saram
879 3927 953 4006 quad
969 3930 1057 4005 possit
1077 3927 1158 3987 abacti
1176 3929 1304 4006 graviter

156 4023 326 4086 destructus
348 4024 387 4086 sit
408 4045 442 4087 ac
464 4026 549 4087 foede
576 4024 773 4105 interpolatus
803 4024 950 4105 siquidem
974 4025 1090 4086 dedisse
1114 4043 1235 4086 necesse
1258 4034 1303 4087 est

156 4132 287 4203 poetam:

258 4235 356 4297 Sentit
379 4236 458 4298 enim
481 4235 524 4298 vis
547 4236 673 4317 quisque
696 4237 779 4316 prius
801 4255 890 4316 quam
913 4235 1008 4316 possit
1030 4234 1125 4308 abuti3

155 4362 286 4443 prodidit
301 4383 333 4425 se
356 4363 550 4444 interpolator
566 4382 635 4425 voce
649 4380 745 4425 saram:
768 4362 878 4445 quippe
901 4365 959 4429 aim
972 4362 1069 4438 legere
1083 4360 1132 4421 ille
1147 4361 1204 4422 sibi
1220 4361 1311 4423 vide·-
