2924 5018
649 307 871 368 ...12-

192 482 307 543 Sonare
336 479 446 559 grande
474 479 599 542 videtur.
644 481 757 543 Sensus
784 488 835 543 aut
857 482 956 544 nullus
984 480 1178 546 aut'ridicule
1201 504 1333 547 mancus.

191 579 278 642 Modo
294 597 381 642 canes
396 574 537 655 laudavit'3
560 596 641 641 nunc
655 586 749 641 artem
765 589 859 653 vocat,
877 599 1047 660 quamnam,
1071 583 1094 644 si
1111 581 1229 663 placet?
1255 585 1333 646 Num

192 697 314 741 omnem
356 675 618 757 qualemcunque?
673 697 712 740 au
754 675 924 759 poeticam?
966 681 1132 761 Utrumque
1185 683 1333 745 insanum.

191 779 353 841 Praebetur
380 777 430 838 lux
457 795 529 838 voce
556 795 608 838 occ
634 786 729 839 torneae
755 778 788 838 iu
816 796 841 838 v.
865 778 920 839 83:
951 795 1024 840 uou
1051 782 1114 842 vult
1141 781 1248 860 pellere
1274 784 1335 846 lec-

190 884 287 938 torem
298 882 383 956 poeta
394 875 426 936 iu
438 875 537 955 ipsum
552 875 684 936 medium
695 876 828 954 pelagu
838 895 868 950 s,
889 893 1107 957 quamquam
1124 881 1239 958 positus
1254 881 1336 944 labor

192 995 264 1037 suus
287 975 325 1035 sit
339 975 379 1035 in
394 981 474 1035 arte
496 1008 539 1018 —
560 974 728 1035 necessario
751 973 901 1054 supplebis
924 977 1087 1055 pelagia,
1110 979 1167 1040 boo
1188 985 1233 1040 est
1255 981 1336 1059 pis-

192 1073 346 1135 catoria.
375 1073 481 1152 Itaque
495 1071 527 1133 in
549 1072 721 1133 hexametro
745 1071 854 1134 amisso
883 1082 913 1134 et
935 1075 992 1136 boo
1006 1075 1158 1153 legebatur
1178 1085 1208 1138 et
1222 1077 1336 1140 mentio

190 1180 303 1246 terrae3
331 1169 456 1251 exprimi
484 1177 584 1231 eutem
615 1188 650 1231 eo
680 1169 752 1230 nihil
773 1179 889 1251 poterut
918 1173 975 1235 uisi
1002 1174 1144 1236 transitus
1166 1196 1182 1237 a
1205 1178 1337 1240 terrestri

192 1269 350 1332 venatione
382 1270 418 1330 ad
448 1268 580 1348 piscandi
607 1275 701 1329 artem
729 1268 834 1331 factus.
884 1272 968 1343 Quod
997 1272 1070 1334 adeo
1092 1273 1211 1352 planum
1235 1284 1282 1336 est
1303 1284 1337 1337 ut

192 1387 261 1431 mro
284 1376 344 1430 tam
367 1375 448 1430 certo
471 1367 577 1429 amissa
600 1367 749 1447 complere
772 1368 897 1430 licuerit.
942 1370 1091 1450 Scriptum
1116 1372 1179 1433 lere
1200 1373 1271 1435 fuit:

292 1522 345 1581 Ast
367 1520 430 1581 aIIIs
452 1527 590 1580 terram
614 1519 761 1581 cedamus.
805 1520 939 1599 Namque
962 1522 1105 1584 marina

290 1620 396 1680 Noster
417 1619 457 1679 iu
480 1624 561 1678 arte
583 1614 665 1679 labor
687 1617 811 1697 positus,
834 1637 901 1697 spes
925 1619 1023 1681 omnis
1046 1620 1077 1680 iu
1100 1621 1157 1683 illa.

290 1718 350 1778 Nec
372 1726 473 1779 tamen
496 1715 526 1800 iu
549 1714 660 1776 medias
682 1716 808 1796 pelagi
831 1724 859 1776 te
881 1734 1003 1796 pergere
1026 1719 1110 1780 sedes

290 1816 473 1877 Admoueam
497 1815 630 1893 vastIque
652 1813 741 1875 maris
764 1821 908 1894 temptare
931 1817 1124 1895 profundum.

291 1915 303 1976 I
312 1923 399 1976 nter
420 1921 624 1993 utrumque
647 1912 704 1973 Ioci
727 1912 841 1973 medius
864 1914 1055 1977 moderabere
1077 1916 1179 1978 tinem.

191 2065 300 2128 Medius
330 2084 384 2145 pro
412 2065 513 2127 melius
546 2065 577 2126 iu
605 2083 631 2126 v·
661 2063 701 2125 85
731 2064 902 2127 dubitanter·
923 2067 1027 2146 posui;
1059 2071 1156 2132 valere
1191 2073 1247 2134 hoc
1273 2074 1337 2135 Ioco

192 2166 345 2227 videbatur
360 2166 501 2227 Ovidiaua
518 2164 660 2226 memoria
681 2162 761 2237 (Met.
782 2164 818 2232 u,
842 2165 900 2225 140
925 2174 955 2226 ct
975 2165 1062 2242 137):
1087 2167 1166 2231 Inter
1186 2182 1337 2252 utrumque

191 2274 266 2339 teum
289 2266 380 2326 medio
402 2268 557 2326 tutissimus
578 2263 632 2324 Ibis
655 2265 704 2338 (ul.
726 2265 759 2324 A.
773 2261 804 2322 Α.
829 2263 863 2335 ΙΙ,
886 2263 947 2336 63.,
970 2264 1038 2326 Met.
1051 2267 1123 2339 VIII,
1147 2267 1219 2330 206.
1241 2271 1263 2343 I,
1287 2272 1336 2332 50.

191 2365 272 2425 Rem.
290 2363 375 2443 810).
419 2363 460 2424 De
483 2362 537 2424 Ioci
556 2363 642 2442 finem
663 2361 740 2422 infra
763 2360 868 2422 dicum.
913 2363 956 2424 Ad
979 2374 1071 2426 ortem
1094 2367 1170 2428 illam
1194 2372 1339 2430 murittum

192 2463 327 2525 conferre
349 2462 437 2523 libeat
458 2465 589 2542 aequoris
610 2470 685 2522 ortes
708 2459 762 2520 Ov.
785 2459 852 2521 Met.
870 2459 1036 2553 VIII,X85'I.

276 2575 338 2635 Hac
371 2574 482 2636 sublata
517 2573 688 2634 difficultate
721 2590 797 2650 quae
830 2573 876 2633 vel
909 2574 1090 2638 crIminauda
1124 2577 1169 2637 vel
1206 2578 1337 2639 notanda

192 2674 316 2735 viderim
341 2692 373 2734 ea
391 2672 544 2734 ostendam
560 2670 705 2732 brevitate
721 2689 796 2749 quae
811 2670 853 2733 rei
870 2674 1018 2735 convenit.
1063 2674 1163 2754 Ipsum
1181 2677 1335 2738 exordium

192 2772 279 2833 adeas
301 2772 413 2851 inquo
448 2771 539 2832 multa
575 2768 697 2830 orimiua
731 2786 806 2848 quae
839 2787 900 2830 nou
932 2779 1031 2833 esseut
1061 2773 1146 2834 Ovidi
1180 2784 1337 2836 senserant

192 2870 309 2932 llureti.
354 2870 427 2932 Nam
450 2888 521 2931 uum
546 2869 616 2949 quid
640 2869 787 2932 interierit
809 2878 878 2932 aute
902 2887 1020 2930 versum
1037 2889 1124 2949 quem
1142 2890 1197 2933 rios
1213 2873 1337 2951 legImus

191 2970 322 3050 primum
347 2969 403 3029 hoc
425 2969 490 3030 Ioco
513 2986 653 3048 quaerere
676 2987 739 3030 uon
761 2973 869 3042 refert,
903 2967 1043 3046 quoniam
1077 2969 1191 3050 integra
1224 2978 1337 3051 prostat

192 3067 340 3130 sententia
362 3067 449 3128 baec:

276 3181 283 3187 ¹
334 3206 452 3287 Accepit
474 3209 604 3270 muudus
628 3210 730 3288 Iegem,
753 3209 836 3271 dedit
858 3227 938 3271 arma
960 3226 1014 3287 per
1037 3224 1141 3269 omues

334 3305 555 3388 Admonuitque
579 3307 635 3370 sui.

134 3513 135 3516 ,
191 3446 288 3525 Atque
310 3463 373 3508 uon
394 3445 548 3507 insolitum
571 3445 628 3508 boc
648 3448 789 3526 placitum
813 3465 879 3509 esse
902 3444 1001 3506 omnia
1023 3445 1158 3507 animalia
1175 3464 1228 3524 per
1241 3446 1337 3525 Iegem

192 3553 313 3607 naturae
339 3563 409 3606 suae
441 3545 529 3606 saluti
562 3545 736 3608 incumbere
768 3546 801 3608 in
834 3544 1000 3625 posteriore
1031 3552 1115 3623 parte
1147 3543 1237 3605 huius
1269 3543 1338 3606 libri

191 3643 401 3723 disputabitur.
462 3644 565 3723 Neque
599 3643 628 3705 id
660 3644 709 3705 bio
742 3643 854 3707 absolvi
887 3650 983 3723 potest
1016 3661 1074 3721 quo
1107 3641 1172 3703 iure
1208 3644 1337 3705 muudus

192 3749 292 3823 aperte
314 3742 427 3822 positus
450 3761 504 3821 pro
526 3760 627 3804 rerum
651 3749 756 3804 natura
789 3742 935 3821 accepIsse
967 3740 1066 3819 potius
1099 3740 1210 3819 aliquid
1242 3740 1338 3820 possit

191 3860 280 3923 quam
302 3847 355 3902 aut
377 3840 484 3902 babere
506 3849 556 3902 aut
578 3843 657 3903 dare.
701 3842 788 3903 Certe
821 3858 883 3900 nou
913 3840 975 3912 Iex,
1009 3839 1061 3900 sed
1094 3839 1172 3901 idom
1207 3840 1337 3901 muudus

191 3947 237 4003 est
259 3939 310 4019 qui
332 3958 412 4002 arma
436 3940 558 4013 dederit,
582 3939 813 4018 habilioremque
834 3939 875 3999 ita
897 3957 959 3999 rem
988 3938 1204 4001 conformabis:
1224 3939 1338 4019 accepit

191 4038 323 4100 mundus
346 4038 439 4115 legem
463 4045 497 4098 ut
519 4054 600 4098 arma
623 4037 714 4098 daret.
760 4035 943 4116 Culpaudum
967 4045 1065 4098 autem
1088 4045 1133 4098 est
1155 4037 1232 4099 dedit
1252 4055 1338 4100 ormo

188 4155 242 4216 per
264 4153 360 4197 omues
381 4153 510 4214 quocum
533 4134 665 4212 Zingerle
688 4154 716 4214 p.
733 4133 773 4196 28
797 4135 967 4197 Burmanno
992 4136 1066 4197 duce
1088 4135 1224 4197 conferre
1248 4135 1337 4197 iussit

192 4234 278 4296 Ovidi
300 4233 370 4296 lIet.
385 4233 421 4307 X,
436 4233 498 4294 546
529 4233 606 4296 Neve
639 4236 720 4313 seras
751 4235 852 4315 quobus
874 4235 1056 4298 armadedit
1082 4244 1192 4296 sutoro
1219 4234 1335 4305 locam

192 4333 319 4413 optIme3
349 4332 427 4393 vides
451 4332 530 4393 euim
552 4332 584 4392 iu
600 4333 660 4394 IIaI.
686 4351 805 4413 quoque
826 4332 1015 4396 scribendum
1034 4333 1128 4395 IuIsse
1144 4332 1247 4395 Ouidio
1263 4333 1337 4395 dedit

192 4431 323 4493 omuibus
345 4448 439 4504 ormo,
463 4431 508 4493 vel
531 4432 600 4495 dore
623 4431 699 4493 miro
721 4433 808 4495 modo
831 4451 884 4513 pro
907 4432 1076 4494 detritum
1101 4429 1236 4493 habiturn
1260 4449 1332 4494 esse.
