2924 5018
618 257 840 320 ...42-

155 433 244 496 verba
270 435 379 497 lecerit.
424 432 554 495 Plinium
577 452 647 494 vero
669 435 708 495 ita
734 452 797 495 rem
828 433 920 512 egisse
948 440 983 495 ut
1003 433 1120 512 saepius
1142 435 1302 507 existumo,

131 536 189 594 'ut
211 534 385 613 primarium
407 551 494 594 suum
518 541 670 594 auctorem
694 533 829 595 hocloco
852 532 975 594 minime
990 533 1128 608 abiceret,
1151 533 1202 594 sed
1224 552 1302 595 con·

156 633 255 693 cinere
289 632 345 693 bac
374 631 407 692 in
438 649 471 692 re
499 631 637 693 Ovidium
665 632 853 694 tritissimum
893 632 1066 694 recordatus
1099 633 1208 694 addere
1237 633 1302 694 suis

156 730 410 811 elegantissimum
437 738 587 792 auctorem
610 731 771 793 festinaret.
804 731 952 793 Elotero'oo
967 732 1089 793 verbum
1109 731 1146 792 ad
1169 730 1302 810 dactylos

155 830 239 890 facile
261 827 466 892 adhibebatur.
502 830 537 889 ln
553 830 763 911 manuscriptis
786 830 915 910 denique
937 831 1017 910 quod
1039 829 1212 893 inscribitur
1233 848 1302 891 car-

156 927 229 989 mini
252 929 286 989 de
300 928 483 989 meditamine
496 929 584 1007 faciei
596 930 745 1009 femebooe,
768 929 840 990 haec
855 929 990 999 videlicet
1012 928 1202 989 librariorum
1225 946 1301 989 con-

154 1026 266 1088 iectura
290 1033 336 1087 est
359 1045 419 1088 non
439 1035 519 1088 recta
542 1043 641 1107 neque
667 1027 764 1107 aptior
789 1046 823 1089 ea
855 1047 926 1107 qua·
946 1028 1019 1089 illud
1052 1028 1085 1089 de
1114 1028 1240 1108 piscibus
1274 1037 1302 1088 et

155 1127 226 1205 seris
248 1126 481 1188 llalieuticorum
508 1125 672 1206 fragmento
698 1126 906 1187 inscribebant.

240 1226 302 1286 lam
328 1244 396 1287 vero
426 1225 507 1286 vides
536 1226 571 1287 ad
600 1225 804 1287 doctissimum
830 1226 887 1286 hoc
918 1244 1036 1286 carmen
1059 1225 1208 1287 Nasonem
1237 1242 1301 1286 non

155 1324 248 1385 fuisse
270 1323 431 1403 impulsum
455 1325 513 1386 nisi
536 1342 604 1385 cura
628 1341 728 1384 rerum
749 1324 948 1385 humanarum
970 1333 1059 1403 atque
1074 1324 1301 1398 amatoriarum3

156 1440 225 1483 nam
249 1422 339 1483 etiam
365 1442 400 1483 ec
423 1431 508 1502 poeta
534 1441 623 1484 verus
646 1423 718 1494 suit,
746 1423 826 1502 quod
856 1441 949 1484 unum
972 1423 1124 1483 bominem
1148 1423 1302 1502 spectabat

97 1578 99 1582 ⁴
157 1528 187 1581 et
209 1540 299 1582 unam
317 1521 408 1582 vitam
430 1521 609 1597 humanam3
632 1521 819 1582 descendisse
834 1541 904 1582 eum
927 1522 964 1582 ad
980 1522 1102 1583 astutias
1126 1527 1155 1582 et
1169 1520 1300 1600 piscium

156 1628 186 1680 et
214 1619 368 1698 piscatoris
398 1621 546 1682 canendas
573 1637 635 1680 non
662 1619 752 1680 nimis
781 1620 876 1680 simile
905 1620 965 1681 veri
996 1628 1049 1681 est.
1095 1620 1187 1681 Aliter
1210 1621 1301 1682 modo

155 1719 223 1780 talia
244 1719 364 1780 molitus
385 1727 454 1780 ante
478 1737 630 1780 excessum
646 1718 769 1798 Augusti
790 1717 910 1780 fuisset!
941 1718 1060 1779 Adulari
1081 1726 1168 1798 poeta
1190 1719 1303 1780 rectori

156 1817 235 1879 orbis
256 1827 403 1880 terrarum
425 1819 571 1898 potuisset
599 1818 649 1897 qui
674 1818 826 1899 interdum
853 1818 1024 1898 piscabatur
1052 1818 1138 1878 hamo
1161 1817 1301 1894 (Sueton.

155 1917 228 1996 Aug.
245 1916 307 1997 83).
346 1918 437 1995 lgitur
452 1918 476 1978 si
492 1917 655 1990 descendit,
672 1917 823 1978 exordium
839 1917 973 1978 videlicet
994 1935 1080 1977 asuo
1097 1916 1165 1978 lecit
1181 1917 1300 1991 exsilio,

155 2016 275 2077 ludebat
297 2015 386 2076 rebus
402 2015 574 2089 trivialibus,
598 2015 762 2076 ostentabat
784 2016 862 2077 vices
877 2015 1014 2077 fortunae
1037 2014 1144 2095 quibus
1159 2016 1300 2094 praedam

156 2133 258 2193 capere
281 2115 351 2175 olim
375 2122 535 2177 amatorem
552 2114 696 2176 urbanum
713 2115 871 2186 docuisset,
893 2132 973 2174 nunc
988 2115 1107 2175 doceret
1122 2113 1301 2194 piscatorem

62 2204 72 2215 ’
155 2214 316 2287 rusticum3
342 2213 515 2274 excurrebat
544 2213 581 2273 ad
607 2212 763 2274 bominum
792 2213 882 2273 vitam
907 2213 952 2273 vel
979 2213 1120 2287 heroum3
1149 2212 1301 2276 indicabat

156 2313 236 2392 quod
267 2313 433 2374 imitaretur
466 2313 634 2390 exemplum
671 2330 818 2390 graecum.
866 2312 970 2392 ltaque
1003 2330 1106 2373 verum
1143 2311 1301 2373 exordium

156 2413 297 2474 amissum
324 2431 389 2473 esse
413 2411 604 2472 coniecerunt
631 2410 728 2472 etalii
753 2417 782 2471 et
808 2409 982 2471 Leutsohius
1004 2410 1023 2470 Ι.
1039 2410 1057 2470 1.
1073 2428 1101 2489 p.
1119 2407 1169 2470 90.
1207 2404 1300 2472 Cuius

155 2520 256 2574 tamen
285 2511 328 2573 rei
357 2510 500 2572 indicium
525 2509 641 2570 nullum
672 2508 812 2570 cernitur.
857 2509 1015 2589 Dispositio
1042 2527 1161 2589 quoque
1183 2508 1300 2588 integra

154 2617 230 2672 teste
254 2609 396 2689 Oppiano.
441 2610 516 2671 Nam
539 2592 627 2670 etiam
656 2608 703 2670 bic
730 2607 786 2688 ipsi
814 2614 952 2686 capturae
978 2607 1105 2687 piscium
1133 2605 1303 2696 praemittit

156 2718 186 2771 et
208 2711 372 2789 catalogum
395 2709 552 2770 nominum
567 2709 586 2768 l.
602 2707 623 2780 l,
650 2706 697 2768 cui
720 2706 887 2768 adnectitur
910 2707 945 2767 de
969 2705 1223 2786 natura-piscium
1247 2724 1300 2766 va-

154 2809 270 2870 riorum
293 2815 434 2870 tractatus
463 2826 560 2886 usque
583 2806 619 2869 ad
641 2806 660 2865 l.
676 2806 703 2866 Il
726 2805 826 2877 finem,
853 2812 883 2865 et
905 2805 1080 2867 astutiarum
1112 2805 1313 2867 narrationes·

155 2908 245 2980 l.111;
268 2906 314 2967 vix
337 2925 405 2967 casu
429 2905 563 2967 similiter
590 2905 649 2983 egit
673 2912 762 2985 poeta
785 2904 912 2977 latinus;
944 2904 995 2983 qui
1017 2923 1078 2965 uno
1105 2912 1221 2966 tantum
1245 2922 1299 2964 vo-

155 3006 268 3066 lumine
287 3023 351 3065 rem
375 3005 580 3084 complexurus
608 3022 643 3064 eo
674 3002 805 3064 diversus
834 3021 905 3064 sane
934 3004 1087 3082 estquod
1118 3003 1155 3064 ab
1181 3001 1300 3065 astutiis

156 3122 246 3185 quam
269 3122 284 3165 a
307 3103 436 3181 catalogo
460 3102 612 3165 exordium
638 3102 736 3163 facere
758 3102 823 3162 iure
846 3120 900 3162 suo
924 3101 1058 3163 malebat.

242 3205 337 3283 Atque
365 3202 428 3283 ipsa
459 3201 612 3282 dispositio
644 3200 797 3262 observata
828 3200 885 3261 iam
912 3200 982 3261 sotis
1008 3200 1133 3261 forsitan
1154 3200 1298 3280 refragari

156 3302 288 3365 videatur
316 3301 503 3362 coniecturae
532 3300 619 3362 etiam
650 3299 734 3360 alteri
764 3319 821 3379 qua
848 3299 961 3378 ingrata
993 3308 1023 3361 et
1052 3299 1142 3360 ardua
1171 3299 1299 3360 istorum

156 3421 295 3463 versuum
320 3419 459 3462 excusare
486 3399 635 3461 volebant:
669 3415 731 3459 non
762 3397 932 3460 absolutum
958 3416 1077 3459 carmen
1108 3416 1172 3459 esso
1200 3416 1298 3477 neque

156 3500 214 3561 nisi
239 3507 377 3561 conatum
402 3500 528 3580 aliquem
557 3507 586 3560 et
615 3497 873 3560 adumbrationem
894 3497 1181 3577 perpoliendumque
1203 3497 1298 3559 fuisse

155 3582 267 3679 postea,
283 3597 410 3658 fortasse
431 3605 464 3658 ut
480 3597 612 3677 epistulis
629 3616 665 3658 ex
680 3597 775 3657 Ponto
797 3596 978 3656 insereretur
1001 3595 1051 3669 lita
1067 3595 1203 3657 Leutsch.
1219 3596 1237 3657 1.
1254 3596 1298 3674 l).

156 3695 285 3757 Consilio
308 3703 388 3757 certo
411 3695 514 3756 deberi
535 3703 616 3773 patet
639 3695 727 3756 etiam
751 3711 907 3755 excursum
937 3693 1020 3756 illum
1051 3693 1088 3754 de
1113 3693 1192 3755 feris.
1239 3695 1298 3756 Sed

156 3795 333 3857 contradici
359 3796 442 3875 plura
465 3803 600 3875 possunt.
642 3794 716 3855 Nam
738 3793 811 3854 milri
838 3792 975 3872 equidem
999 3793 1046 3853 ille
1069 3792 1179 3853 mirum
1203 3809 1300 3873 quan-

155 3901 221 3955 tum
246 3893 395 3954 Musarum
419 3912 522 3973 expers
548 3893 664 3954 videtur
686 3893 737 3972 qui
760 3898 861 3972 poetas
883 3909 945 3953 nou
972 3910 1060 3972 prosa
1088 3891 1220 3954 oratioue
1245 3893 1299 3955 sed

156 3991 290 4053 versibus
313 3992 344 4052 iu
366 4001 502 4072 poemate
523 3991 629 4072 primis
654 3991 739 4052 lineis
763 3990 944 4070 designando
971 3990 1015 4051 uti
1037 3990 1091 4051 sibi
1107 3991 1298 4070 persuaserit,

157 4090 265 4153 oblitus
292 4091 372 4151 idem
399 4099 434 4152 ut
455 4091 550 4151 nostri
577 4090 640 4152 aevi
665 4097 819 4170 poetarum
849 4089 889 4151 ita
917 4089 1010 4169 ipsius
1037 4089 1174 4150 Aeneidis
1197 4089 1299 4168 Vergi·
1373 4106 1375 4111 ·

155 4191 258 4251 lianae.
304 4189 397 4251 Porro
420 4189 446 4250 si
465 4189 537 4251 haec
559 4206 621 4250 non
644 4195 744 4250 essent
773 4188 832 4249 nisi
857 4187 1032 4250 collecticiae
1054 4188 1155 4268 copiae
1178 4206 1298 4250 carmen

156 4307 259 4350 verum
290 4297 511 4370 praeparantes,
538 4288 722 4368 stupefacere
748 4307 804 4349 nos
832 4288 990 4367 stupiditas
1017 4288 1138 4349 deberet
1167 4287 1299 4350 bominis

157 4387 209 4467 qui
239 4390 350 4466 graecis
380 4388 501 4450 liberius
530 4404 639 4450 usurus
667 4387 764 4465 legere
792 4405 824 4448 ea
858 4403 920 4448 non
948 4386 1020 4447 satis
1049 4386 1215 4459 habuisset,
1244 4388 1297 4449 sed
