2924 5018
604 273 849 336 —196-

155 453 299 516 mentiae:
335 453 448 514 scilicet
470 453 584 514 desuem
606 470 672 512 cum
695 457 741 511 ter
766 449 798 511 in
826 446 901 508 libro
924 445 1020 526 primo
1042 442 1183 523 legerim,
1219 441 1319 503 semel

155 554 186 614 in
210 551 534 634 quarto(ll'13‚17),
562 561 662 613 tamen
691 549 722 610 in
752 547 884 609 secundo
906 545 1017 606 frustra
1039 542 1178 623 requiro,
1211 559 1317 621 neque

155 652 249 732 ipsam
273 650 451 713 dementiam
475 649 532 711 nisi
558 649 589 710 in
612 648 709 729 primo
731 645 940 709 animadverto.
986 643 1082 722 Atque
1106 640 1204 702 etiam
1228 639 1315 701 valde

156 768 260 812 vereor
292 769 332 814 ne
364 750 489 831 insuper
513 749 631 812 accedat
655 766 756 809 versus
778 746 814 808 ll'
838 744 868 818 3,
891 745 921 804 7.
965 742 1050 816 Quod
1075 741 1160 803 enim
1186 740 1312 801 solitum

157 858 204 912 est
225 852 341 931 placere
364 847 539 910 lectoribus:

258 994 331 1068 Quis
352 994 435 1055 furor
458 1001 512 1065 est,
535 1011 612 1074 quae
635 1009 729 1060 niens,
752 992 861 1052 densos
882 988 1020 1068 indagine
1042 987 1132 1049 colles

299 1093 491 1155 claudentem
516 1102 633 1155 teneras
657 1092 772 1153 laedere
793 1091 867 1152 velle
894 1106 999 1151 manus

156 1250 233 1302 stare
266 1259 354 1320 posse
387 1239 456 1301 illud
491 1257 563 1321 quoe
584 1258 663 1301 meus
689 1255 749 1300 non
782 1237 852 1299 satis
881 1235 954 1298 mibi
979 1241 1200 1315 persuaserunt
1223 1250 1309 1293 com·

158 1341 369 1402 mentariorum
397 1339 571 1419 scriptores:
605 1339 734 1418 primum
766 1337 845 1398 enim
876 1335 954 1416 quod
979 1333 1100 1414 Vulpius
1123 1331 1311 1413 compararit

158 1439 260 1501 Catulli
279 1440 328 1509 15,
347 1438 385 1498 14
416 1437 502 1510 Quod
528 1441 555 1498 si
580 1445 606 1499 te
633 1437 712 1498 molo
738 1455 818 1497 mens
849 1437 990 1515 utruque
1022 1448 1134 1503 occurs,
1169 1448 1307 1510 quocum

158 1538 316 1617 coniungas
338 1536 446 1616 Vergili
470 1538 542 1598 Aen.
566 1536 589 1597 ll
612 1535 674 1596 519
698 1537 779 1610 θνναν
800 1555 879 1597 mens
900 1545 960 1596 tom
983 1529 1071 1593 dc'rol’
1100 1531 1164 1593 dari
1187 1530 1310 1592 Tibullo

158 1657 278 1718 quoque
301 1635 426 1699 debebat
449 1655 521 1716 quoe
541 1636 621 1698 molo
640 1654 720 1697 meru
747 1635 791 1696 vel
820 1653 892 1714 quac
918 1622 1115 1694 meus'nullc
1162 1629 1310 1692 Horatius

159 1745 258 1798 autem
281 1736 376 1797 Carni.
392 1736 405 1795 l
422 1735 471 1808 tc,
487 1733 527 1794 22
552 1753 691 1814 compesce
713 1744 833 1796 cuntem
855 1750 918 1793 nou
939 1729 1109 1809 scripsisset
1132 1728 1194 1791 uisi
1220 1747 1309 1792 men-

158 1842 219 1896 tem
248 1835 361 1915 puellae
394 1834 567 1895 iracundam
593 1853 658 1895 esse
681 1833 733 1912 (cl.
751 1852 777 1893 r.
795 1831 827 1912 b)
856 1830 986 1893 carmine
1014 1837 1079 1890 toto
1106 1829 1310 1890 decantasset.

158 1934 292 2013 Denique
322 1932 401 2012 quod
430 1932 507 2012 apud
536 1932 684 1993 Nasonem
707 1932 776 1992 liet.
792 1932 815 1990 V
832 1931 872 1991 14
894 1930 1029 2010 Cepheus
1057 1927 1214 2008 compellit
1236 1924 1311 1987 Plri-

159 2050 250 2093 neum
275 2030 356 2102 Quae
378 2041 411 2101 te,
432 2049 577 2110 permane,
597 2032 742 2109 furentem
758 2029 837 2090 Mens
859 2033 915 2109 opit
936 2032 966 2090 iu
986 2024 1127 2106 scurrus?
1151 2026 1236 2088 idem
1253 2026 1311 2087 boc

159 2150 226 2192 esse
259 2137 348 2210 atque
380 2129 471 2210 „quid
501 2129 608 2208 cogitas
638 2129 738 2190 lurore
764 2134 837 2189 tuo“
871 2127 1118 2207 interrogationes
1146 2143 1226 2206 quae
1262 2124 1311 2186 in·

160 2238 328 2308 sequuntur
360 2229 430 2292 satis
464 2229 628 2304 declarant,
662 2238 766 2290 nostro
797 2228 861 2290 loco
892 2228 1049 2290 tolerarem
1078 2224 1200 2306 quidem
1227 2223 1312 2298 Quor

159 2347 248 2402 mens,
264 2332 324 2409 quis
337 2330 426 2407 furor
439 2324 504 2390 cst?
527 2327 610 2409 quasi
626 2346 658 2388 se
674 2327 736 2406 ipse
751 2326 900 2405 corrigere
916 2326 1043 2406 scriptor
1057 2325 1154 2386 vellet.
1185 2322 1310 2385 Tradita

159 2428 253 2489 furori
277 2445 366 2506 quam
382 2427 475 2488 menti
491 2425 632 2488 viciniora
655 2445 720 2487 esse
743 2425 855 2499 sentio:
878 2426 985 2506 quippe
1000 2423 1116 2503 roganti
1132 2427 1197 2504 quis
1218 2423 1312 2503 [uror

161 2524 223 2589 esti>
251 2525 452 2606 respondebo:
477 2525 579 2598 „furor
595 2530 749 2604 magnus“‚
772 2531 802 2585 at
824 2524 932 2585 iterum
956 2543 1027 2606 quoe
1049 2519 1152 2585 meres?
1174 2521 1310 2600 roganti:

162 2624 292 2699 „furiosa
316 2624 443 2701 scilicet3
473 2643 511 2685 an
539 2628 671 2686 furorem
703 2624 792 2685 modo
822 2642 960 2702 maguum
988 2623 1095 2684 trustra
1124 2616 1336 2684 diximus?“'

160 2726 262 2805 ltaque
292 2724 364 2785 dum
399 2724 541 2787 benevolo
575 2731 679 2804 poetae
712 2723 809 2802 legere
843 2722 996 2784 consuevi:
1031 2722 1103 2796 Quis
1134 2721 1226 2801 {uror
1260 2730 1311 2791 est,

162 2824 289 2892 demens,
318 2821 441 2884 ducibus
469 2823 587 2903 quidem
612 2823 709 2884 Douza
731 2829 820 2902 atque
842 2820 1036 2884 broukhusio.
1080 2820 1183 2884 Unum
1205 2827 1313 2882 tanmn

161 2923 260 2984 locum
282 2920 465 3001 reliquimus,
488 2920 591 2982 Horati
613 2921 705 3001 Epist.
722 2919 780 2995 12,
796 2921 854 2983 60:

478 3110 490 3139 ,
564 3063 620 3137 Qui
643 3083 704 3126 nou
730 3064 927 3129 moderabitur
948 3066 1019 3138 irae,

262 3161 407 3225 lnlectum
431 3162 510 3224 volet
532 3181 607 3234 esse,
630 3163 714 3225 dolor
737 3165 816 3244 quod
838 3165 965 3228 suaserit
987 3174 1016 3228 et
1038 3183 1133 3238 mens,

262 3262 339 3324 Dum
362 3278 472 3343 poenas
495 3261 562 3324 odio
585 3281 638 3342 per
660 3261 718 3323 vim
740 3262 863 3327 festinat
882 3264 988 3328 inulto.

263 3361 307 3423 lra
329 3362 413 3425 furor
434 3359 531 3423 brevis
554 3368 609 3422 est.
654 3361 795 3424 Animum
817 3381 897 3444 rege.

163 3536 251 3598 quem
278 3519 338 3581 iam
370 3519 463 3581 errori
484 3518 673 3601 perapposite
704 3519 874 3600 eripiemus.
924 3520 997 3583 Nam
1028 3529 1057 3582 et
1088 3528 1223 3582 mentem
1253 3538 1310 3603 pro

163 3616 264 3679 lurore
286 3627 315 3679 et
337 3618 470 3681 dolorem
494 3636 548 3699 pro
570 3619 633 3699 ipsa
655 3619 698 3681 ira
721 3619 853 3700 accipere
869 3621 998 3683 editores
1014 3620 1192 3683 clarissimos
1207 3619 1306 3695 rideo,

164 3715 243 3795 quod
260 3722 421 3797 utrumque
437 3724 517 3778 recte
532 3718 643 3779 habere
659 3717 777 3797 dubitb;
800 3737 922 3783 neeesse
938 3728 983 3782 est
994 3719 1074 3783 enim
1086 3719 1264 3801 scriptorem
1277 3720 1309 3782 in

165 3832 222 3878 una
245 3814 405 3894 eademque
434 3814 634 3896 disputatione
656 3817 733 3879 vocis
762 3820 852 3881 unius
881 3838 970 3882 unam
994 3827 1110 3883 tantum
1132 3827 1310 3902 certamque

163 3913 408 3994 significationem
442 3932 571 3976 servare:
604 3915 704 4001 itaque
734 3918 818 3980 dolor
850 3919 920 3999 quid
951 3929 1029 3982 esset
1051 3937 1139 3983 versu
1155 3919 1194 3981 55
1217 3928 1309 4001 poeta

165 4012 316 4085 stabilivit,
351 4013 459 4095 quippe
492 4031 553 4075 non
585 4015 628 4077 ira
655 4016 733 4097 ipsa,
767 4017 818 4079 sed
851 4017 913 4080 irae
940 4020 1039 4100 potius
1066 4019 1160 4082 exitus
1190 4020 1309 4100 quodue

166 4131 280 4193 poenae
313 4113 375 4175 vioe
408 4112 550 4193 iungitur.
599 4115 693 4178 Porro
728 4117 859 4198 pessimo
891 4119 1032 4181 Horatius
1060 4136 1199 4182 sermone
1231 4136 1310 4183 usus

166 4220 254 4285 esset,
283 4211 318 4285 si,
351 4231 419 4274 oum
448 4222 478 4276 et
499 4233 526 4275 v.
544 4213 584 4274 59
606 4214 638 4275 in
659 4217 770 4295 protasi
800 4224 830 4279 et
852 4236 878 4278 v.
895 4214 935 4279 62
962 4218 993 4280 in
1016 4218 1208 4281 conclusione
1230 4217 1309 4282 iram

167 4320 300 4391 poneret,
327 4311 386 4373 iam
414 4313 511 4375 medio
541 4313 604 4374 loco
628 4332 688 4375 nou
709 4315 881 4397 simpliciter
902 4316 1067 4398 scripsisset
1088 4318 1163 4400 quod
1183 4325 1313 4386 mesonc

167 4410 340 4473 —scilicet
372 4411 448 4473 iram
480 4432 544 4476 esse
577 4432 652 4493 quae
679 4415 814 4479 suaderet
842 4417 886 4478 vel
920 4417 990 4498 lippi
1014 4417 1156 4480 vidissent
1176 4452 1230 4495 —,
1253 4421 1311 4484 sed
