2924 5018
618 260 863 325 -143-

165 445 310 520 praeter
344 439 484 500 vitulos
521 446 558 500 et
592 455 725 518 parvos
752 431 1010 507 έλάττοι·ἔξω
1025 432 1313 517 γὰρδιλφῐυος

165 537 372 618 delphinos.
417 536 527 616 (Atque
559 536 591 596 iu
613 536 665 598 lais
693 535 725 597 ni
752 532 818 597 καὶ
839 537 1047 618 penelope
1070 526 1183 598 οὐδέν
1204 531 1314 599 ἐστιν

165 636 280 716 egregie
302 653 390 698 aures
412 655 460 698 me
475 634 581 697 lallunt
603 635 724 715 proprio
752 630 859 717 έοτῷ
874 628 1035 718 Πόντῳ·
1055 629 1122 696 καλ
1137 625 1156 696 ὁ
1171 625 1313 715 δελφὶς

165 753 254 796 sensu
278 742 357 796 caret
382 733 432 796 scal
456 732 614 814 particula3
647 734 725 798 scri-
753 729 904 815 μικρός.

164 834 295 896 bendum
312 834 417 895 saltem
432 831 503 894 fuit:
528 833 598 906 „sed
616 835 724 896 male·
843 854 845 857 ·

162 933 234 995 lica
270 932 400 1013 piscibus
436 930 531 994 hostia
568 931 647 993 nulla
692 932 724 994 in

162 1033 291 1093 Pontum
325 1030 436 1092 intrat“
469 1037 558 1110 atque
592 1029 633 1091 ita
662 1031 725 1093 lere

163 1129 466 1212 Trogumscripsisse
481 1130 570 1191 credo
581 1167 623 1205 -·.
636 1130 724 1193 modo

162 1229 235 1310 quid
269 1228 348 1291 credi
369 1228 400 1291 iu
426 1235 509 1291 tanta
535 1227 578 1289 rei
605 1227 723 1293 subtili-

162 1336 221 1390 tate
244 1327 426 1392 concedatur
448 1361 499 1400 -‚
522 1327 724 1391 inversionem

160 1434 261 1490 autem
277 1425 347 1489 satis
363 1424 496 1509 ineptam
519 1424 686 1489 institutam
708 1446 725 1489 a

160 1524 258 1589 Plinio
281 1542 346 1588 esse
369 1532 402 1588 ut
423 1523 622 1606 Hispaniae
644 1525 725 1590 Pon-

159 1633 209 1688 tus
232 1621 468 1715 opponeretur).v

160 1761 313 1843 Thynni
339 1761 614 1842 dexteraripa
658 1763 718 1826 in·
746 1787 775 1846 p.
792 1765 883 1829 5983
902 1765 957 1826 19;
995 1763 1237 1839 ιλςπλέοοσι
1275 1759 1322 1827 δ’-

159 1868 279 1934 trent,
324 1868 461 1922 exeunt
503 1860 644 1923 laeva
682 1862 719 1925 ld
748 1860 955 1928 ολθύυνοι
982 1858 1309 1942 έπὶδιξιὰέχό·

159 1959 328 2022 accidere
362 1958 601 2021 existimatur
636 1961 720 2042 quia
748 1984 866 2046 pauor
886 1961 1061 2046 τῆςγῆς,
1088 1959 1308 2025 ἐκπλέουσι

160 2059 294 2120 dextro
319 2058 423 2121 oculo
446 2058 527 2139 plus
549 2070 718 2132 cernant,
747 2056 784 2126 δ’
826 2057 890 2125 έπ’
932 2057 1140 2144 ἀριστερά.
1182 2060 1308 2123 τοῦτο

159 2166 288 2239 utroque
311 2166 439 2223 natura
462 2155 614 2220 hebeti·
732 2160 792 2241 ,ot
818 2162 919 2244 pocot
944 2180 1054 2233 τινες
1072 2168 1225 2223 ποιεῖν
1244 2152 1308 2221 ὅτι

747 2260 798 2342 τῷ
813 2254 933 2341 δεξιῷ
952 2252 1146 2340 ὀξύτερον
1161 2250 1307 2340 ὁρῶσι,

747 2354 868 2439 φύσει
895 2350 964 2420 οὐκ
992 2346 1305 2436 ὂξύβλέπουττς.

747 2455 825 2519 Satis
839 2455 916 2519 mire
931 2454 1004 2518 llaec
1018 2454 1124 2518 ultima
1139 2452 1306 2517 adiciuntur

745 2552 933 2635 libenterque
990 2552 1147 2616 restitues:
1203 2547 1332 2636 piosc'

572 2718 574 2725 g
746 2645 905 2735 οὐδετέρῳ
932 2646 989 2725 ὀξὺ
1011 2647 1200 2732 βλέποντες.
1242 2649 1318 2712 He?

201 2751 262 2813 lam
278 2757 347 2831 post
363 2749 612 2812 narratiunculam
633 2750 669 2810 de
684 2766 716 2811 ro
745 2750 889 2813 betiorem
907 2750 1023 2814 laevum
1044 2767 1111 2812 osse
1128 2747 1302 2811 Aristoteles

157 2851 208 2914 tali
234 2849 328 2930 qualis
348 2848 409 2909 lere
431 2848 507 2928 apud
524 2847 630 2909 Athen.
648 2847 715 2910 illu·
745 2849 823 2933 apud
852 2849 961 2913 Athen.
988 2848 1076 2911 docet
1104 2866 1134 2928 p.
1151 2845 1248 2913 303ss
1273 2857 1305 2910 et

157 2957 269 3012 stratur
316 2946 497 3028 Hegesandri
549 2947 715 3026 fragmento
745 2947 805 3011 301
819 2948 852 3011 Ε.

157 3068 186 3130 p.
203 3047 344 3128 astusq.
371 3045 517 3127 pergitur:

159 3184 414 3267 Opperiunlur
450 3190 569 3245 autem
606 3183 713 3264 aqui·
741 3202 770 3266 p.
787 3180 929 3246 59888:
951 3178 1066 3264 ἂνμὲν
1086 3175 1303 3257 οὖυυότιοςὸ

156 3284 253 3347 lonis
292 3284 438 3355 flatum,
476 3289 514 3343 nt
549 3280 713 3344 secundo
740 3279 873 3364 χειμῶν’
907 3274 944 3371 ᾗ,
992 3277 1194 3364 βραδύτεροι
1236 3274 1301 3343 ἐκ·

157 3383 274 3460 ,fluctu
298 3388 425 3444 exeant
446 3401 463 3442 c
485 3380 613 3443 Ponto.
741 3374 958 3454 πλέουσιν,
985 3374 1035 3442 ἄν
1058 3374 1101 3440 δὲ
1116 3373 1315 3460 glogowa„

740 3478 895 3540 θᾶττον
922 3474 991 3539 διὰ
1019 3473 1064 3539 τὸ
1099 3476 1145 3540 τὸ·
1169 3475 1300 3560 πνεῦμα

741 3571 1070 3659 ουνεπουρέζειυ.
1127 3575 1191 3638 Hoc
1234 3575 1299 3640 loco

741 3674 907 3740 Aristotelis
943 3674 1032 3738 rerba
1062 3676 1139 3758 apud
1169 3676 1298 3740 Plinium

741 3775 942 3840 emendatiora
953 3765 1099 3840 asservari
1111 3784 1141 3838 et
1152 3775 1299 3858 scriptum

739 3876 847 3939 luisse:
875 3872 936 3937 διὰ
960 3874 997 3938 τὸ
1023 3872 1061 3938 τὸ
1084 3872 1188 3958 ῥεῦμα
1204 3889 1305 3938 nore.

652 4000 653 4003 ¹
707 3982 709 3985 ’
740 3970 912 4056 πουρέζιιυ
940 3975 988 4050 (cl.
1012 3973 1168 4037 Strabonis
1191 3991 1219 4054 p.
1239 3971 1298 4033 143

739 4074 804 4137 init.
817 4068 1049 4158 ἕποορέζουτος
1064 4071 1122 4136 τοῦ
1133 4066 1299 4150 πελάγους

740 4168 897 4256 καθάπερ
919 4172 977 4235 τοῦ
992 4172 1161 4253 ποταμίου
1176 4164 1297 4254 ocupa-

740 4276 806 4352 τος)
823 4280 852 4335 et
867 4271 1000 4336 oculatus
1017 4277 1047 4331 et
1059 4287 1165 4331 caecus
1177 4267 1296 4331 ridebit.

154 4396 228 4458 Nec
250 4395 325 4467 nisi
347 4395 539 4457 intrantes
562 4381 854 4473 portumnalo
881 4385 1003 4468 γόνος
1028 4380 1297 4469 δὲτότιμικρές
