2924 5018
610 275 855 338 -197-

165 451 371 514 molestissima
416 451 566 530 diligentia
615 452 736 514 vocibus
779 453 1056 535 circumscripsisset
1099 454 1213 517 duabus
1255 462 1306 517 aut

163 570 267 631 parurn
294 551 370 632 aptis
397 560 448 612 aut
475 552 565 612 etiam
594 551 710 631 ineptis.
754 553 814 614 Aut
835 560 973 634 corrupta
1000 553 1086 615 lectio
1110 553 1234 615 dicenda
1257 561 1307 616 aut

164 650 204 712 ita
225 650 434 730 distinguenda
458 658 518 712 est:

564 789 621 862 Qui
644 806 706 850 non
729 788 932 851 moderabitur
952 790 1024 863 irae,

263 890 409 951 infectum
434 888 512 949 volet
534 906 600 949 esse
623 887 717 960 dolor,
739 888 819 967 quod
841 888 978 960 suaserit,
1001 897 1031 950 et
1053 906 1137 950 mens

263 988 338 1050 [lum
360 1007 472 1068 poenas
495 987 563 1049 odio
586 1005 640 1068 per
663 987 722 1048 vim
744 986 865 1048 festinat
886 986 1007 1050 inulto.

262 1086 307 1149 lra
329 1085 414 1148 furor
435 1084 533 1148 brevis
556 1093 611 1148 est.
656 1085 797 1148 Animum
820 1104 898 1164 rege.

163 1251 279 1312 Scilicet
300 1250 379 1330 quod
403 1249 563 1311 iracundus
592 1247 663 1329 lqui
691 1248 752 1311 irae
774 1265 834 1309 non
856 1249 1079 1330 moderabitur)
1106 1249 1246 1324 suaserit,
1277 1249 1306 1311 id

162 1358 265 1430 postea
289 1349 400 1409 dolor
421 1348 565 1409 iniectum
582 1367 648 1409 esse
663 1347 741 1409 volet
756 1355 845 1428 atque
859 1365 945 1409 mens
967 1347 1032 1429 ipsa
1048 1348 1118 1426 (hoc
1138 1357 1199 1411 est:
1223 1350 1307 1411 dolor

163 1456 263 1510 mente
284 1447 468 1530 recuperata)
492 1447 562 1508 dum
591 1446 659 1509 odio
686 1446 783 1509 inulto
804 1464 948 1528 poenas
971 1446 1041 1509 dare
1063 1447 1198 1528 pervim
1221 1448 1306 1510 festi-

163 1558 242 1611 nant.
281 1547 363 1610 Haud
388 1566 473 1609 secus
496 1566 529 1608 sc
552 1565 616 1608 rern
639 1546 788 1626 accepisse
804 1546 966 1628 Porphyrio
990 1547 1054 1627 ipso
1070 1547 1209 1611 lemmate
1230 1557 1306 1612 atte-

161 1657 265 1711 statur.
310 1646 440 1709 Senserit
462 1646 559 1709 minus
582 1654 769 1727 expectatum
792 1645 932 1708 Horatius
955 1664 1009 1728 pro
1030 1648 1141 1727 fecerit.

247 1748 305 1811 Sed
334 1755 465 1810 mentem
487 1747 557 1809 dum
580 1754 677 1808 sector
703 1746 800 1809 inania
834 1755 935 1828 captor
971 1747 1115 1830 propositi
1139 1746 1304 1827 obliviscor.

161 1848 205 1908 hd
227 1855 321 1909 artem
337 1844 445 1907 Tibulli
467 1845 650 1907 attendimus
675 1845 837 1907 metricam.
874 1845 1009 1908 Attendit
1031 1846 1067 1909 ad
1091 1864 1155 1908 eam
1170 1845 1304 1926 Zingerle

161 1966 297 2028 quoque,
327 1946 378 2007 sed
408 1944 517 2016 obiter,
549 1945 627 2026 quod
657 1962 726 2007 vero
749 1942 916 2008 observavit
936 1945 968 2008 in
990 1965 1020 2027 p.
1036 1945 1088 2021 to,
1114 1946 1145 2009 id
1167 1944 1304 2009 ordinem

161 2045 304 2109 librorum
333 2044 406 2106 meis
429 2043 528 2125 potius
557 2043 690 2105 numeris
720 2042 947 2133 convenientem
975 2044 1174 2120 confirmavit3
1201 2053 1305 2126 penta-

161 2145 248 2206 metri
277 2144 357 2206 enim
388 2142 645 2224 penthemimeren
674 2142 803 2223 priorem
832 2143 1020 2223 spondiacam
1050 2151 1142 2205 totam
1173 2142 1305 2207 Tibullus

83 2322 85 2326 ι
160 2245 245 2307 finxit
266 2243 297 2305 in
319 2242 421 2304 librol
443 2243 535 2304 semel
556 2241 635 2302 inter
657 2239 676 2302 8
699 2242 886 2303 hexametros
909 2240 1134 2322 (attexemus),
1157 2243 1175 2304 l.
1190 2242 1217 2304 ll
1231 2243 1304 2306 item

160 2345 252 2405 semel
265 2342 345 2404 inter
359 2341 378 2403 8
396 2339 449 2418 (27
465 2345 534 2420 en),
550 2341 567 2402 l.
585 2339 622 2401 IV
634 2336 717 2398 2-7
734 2348 764 2401 et
781 2338 819 2401 13
832 2358 875 2420 sq.
900 2341 991 2403 semel
1013 2340 1093 2403 inter
1109 2338 1161 2422 5ss
1171 2342 1225 2420 (14
1237 2342 1304 2424 en).

160 2443 268 2504 Contra
297 2441 442 2521 Sulpiciae
471 2437 691 2521 epigrammatis
706 2438 742 2501 lv
757 2437 862 2501 8—12
891 2440 1016 2502 eandem
1043 2439 1187 2522 praebent
1214 2444 1305 2505 semel

160 2541 190 2604 in
214 2540 266 2626 2¹⁶(
296 2541 327 2619 (6
350 2544 417 2618 en),
446 2539 613 2620 Lygdamus
642 2538 732 2600 semel
760 2538 792 2600 in
814 2539 835 2599 4
861 2536 916 2619 (36
939 2541 1008 2615 ern).
1060 2538 1169 2603 Tibulli
1203 2549 1303 2605 autem

161 2658 279 2704 carmen
295 2638 341 2701 13
365 2639 445 2720 quod
467 2637 702 2701 vetustissimum
736 2656 801 2700 esse
832 2638 998 2720 suspicatus
1026 2642 1093 2701 suni
1126 2639 1217 2703 etiam
1247 2640 1303 2704 hac

159 2741 190 2803 in
223 2759 255 2802 re
288 2738 427 2801 omnibus
454 2737 628 2800 Tibullianis
662 2737 807 2800 vincitur:
843 2736 962 2801 exhibet
995 2737 1075 2802 enim
1109 2738 1301 2821 spondiacam

159 2837 415 2920 penthemimeren
439 2845 545 2919 quater
567 2836 686 2900 deciens
708 2837 755 2899 vel
776 2837 869 2899 semel
893 2837 924 2899 in
941 2835 998 2908 3¹la
1014 2837 1134 2917 (deinde
1149 2838 1162 2899 l
1177 2839 1197 2899 4
1212 2838 1303 2901 semel
1397 2864 1407 2891 ν

160 2940 192 3001 in
214 2938 285 3015 47³3
308 2936 470 3018 elegantior
485 2936 497 2997 l
512 2935 555 3012 9).

244 3038 346 3119 ltaque
368 3038 439 3099 dum
462 3036 528 3117 quis
551 3035 685 3117 graviora
700 3035 836 3119 opinioni
859 3034 1024 3100 contrariae
1040 3035 1192 3113 obtendet,
1215 3045 1299 3101 stan-

158 3140 229 3201 dum
253 3135 288 3199 ab
311 3137 365 3198 hac
387 3154 452 3199 mea
482 3136 537 3197 erit
559 3154 635 3216 quae
657 3135 745 3198 etiam
766 3135 830 3217 ipsa
852 3155 884 3198 re
907 3135 1036 3199 maxime
1058 3137 1300 3200 commendatur:

157 3237 255 3318 ipsum
287 3234 438 3298 Tibullum
475 3234 548 3297 duos
585 3241 700 3297 tantum
733 3234 825 3297 libros
862 3234 1026 3314 publicasse
1060 3234 1169 3318 (neque
1200 3237 1300 3317 plures

158 3334 280 3398 Ovidius
302 3353 335 3396 se
362 3332 532 3414 cognovisse
558 3334 697 3414 testatur)
729 3333 909 3413 eosdemque
936 3333 1004 3397 ideo
1033 3334 1120 3399 etiam
1143 3334 1301 3416 primarios

156 3434 270 3498 tructus
297 3433 367 3497 artis
396 3451 463 3496 esse
486 3429 682 3505 Tibullianae,
716 3440 782 3495 tum
805 3432 969 3495 heroidum
995 3436 1058 3496 lere
1089 3432 1300 3498 Ovidianarum

156 3544 291 3614 tempore
318 3533 399 3596 lusus
422 3531 561 3614 Lygdami
584 3550 650 3595 esse
672 3531 816 3606 adiectos,
849 3539 937 3614 atque
970 3540 1040 3614 post
1069 3533 1152 3595 huuc
1179 3535 1299 3598 domum

157 3632 294 3714 reliquias
330 3632 488 3696 nonnullas
525 3629 632 3693 Tibulli
680 3649 739 3694 una
778 3649 846 3694 cum
880 3631 1026 3712 Sulpiciae
1062 3632 1228 3713 elegidariis
1264 3634 1296 3696 in

156 3731 266 3795 librum
288 3731 416 3795 adiectas
439 3731 630 3813 redactasque
654 3749 720 3795 esse
742 3728 881 3795 ultimum
905 3730 1036 3813 cognitas
1058 3751 1110 3796 eas
1130 3733 1300 3802 utvidetur

157 3849 219 3894 non
241 3840 309 3894 ante
330 3839 435 3913 poetae
457 3830 583 3894 obitum.

242 3930 426 3993 Advocamur
441 3931 530 3993 etiam
544 3930 703 3992 Venusinis
719 3928 865 3992 Camenis.
889 3932 1029 3993 Attamen
1045 3948 1146 3993 earum
1161 3929 1297 3992 hocloco

156 4031 201 4092 vel
230 4029 372 4111 imperata
399 4029 563 4093 obtrectare
594 4029 705 4091 malim.
749 4028 823 4091 Nam
851 4028 906 4090 hrs
928 4028 1047 4092 Portica
1068 4028 1298 4092 Horatianorum

156 4131 299 4193 librorum
333 4128 455 4192 ultimus
489 4145 634 4191 consensu
657 4127 719 4191 lere
752 4126 924 4201 habebatur,
959 4128 1045 4208 eique
1073 4127 1180 4191 iudicio
1208 4128 1297 4191 etiam

155 4231 285 4293 metricis
300 4229 373 4292 meis
385 4228 640 4292 observationibus
653 4227 762 4290 mirum
775 4236 921 4308 quantum
938 4225 1054 4289 roboris
1067 4227 1136 4290 addi
1146 4247 1180 4290 ac
1192 4227 1296 4291 virium

158 4329 229 4391 mihi
255 4329 350 4392 visum
374 4336 420 4391 cst
446 4328 501 4408 (Ad
524 4328 590 4390 hex.
611 4327 661 4389 lat.
684 4327 751 4389 hist.
775 4346 804 4407 p.
822 4325 862 4388 38
879 4336 909 4389 et
928 4324 982 4399 133
1004 4327 1041 4388 cl.
1058 4344 1085 4408 p.
1104 4325 1166 4408 28).
1211 4327 1297 4390 Nunc

157 4446 225 4490 vero
248 4448 265 4491 a
287 4446 432 4492 consensu
454 4427 511 4491 isto
531 4426 674 4489 divertere
689 4425 857 4508 hdolpbum
873 4424 1044 4492 Michaelem
1059 4424 1143 4489 video
1165 4424 1197 4492 in
1213 4445 1294 4493 com·
