2924 5018
616 261 859 326 -137-

168 442 397 504 Aristotelis
425 440 469 502 ds
491 439 716 501 animalibus
739 439 928 501 volumina
957 441 1111 502 collecta
1134 439 1170 500 in
1194 448 1311 502 artum

168 558 248 602 esse
281 541 345 613 ita,
381 548 418 602 ut
440 541 611 619 legentes
637 538 672 600 in
695 538 882 600 universis
904 557 1026 601 rerum
1049 547 1200 601 naturae
1224 559 1311 620 ope-

166 641 271 703 ribus
308 640 502 720 medioqne
539 637 598 718 (vix
630 647 728 710 recte3
764 655 800 700 an
837 635 1073 718 immodicoqueil
1110 638 1311 701 clarissimi

169 759 302 819 regum
325 738 490 800 omnium
513 737 699 798 desiderio
724 737 892 798 breviter
917 737 1266 818 peregrinarentur.

250 837 463 900 Gravissimum
486 835 691 899 testimonium
718 837 800 901 locus
828 836 877 898 ille
899 834 974 898 Plini
1004 837 1040 899 de
1063 837 1187 917 piscium
1211 837 1312 898 inimi-

164 934 473 1007 citiisest:lll185‚
506 954 565 1017 quo
598 944 734 999 accurate
757 935 940 997 Aristoteliea
975 935 1061 998 verba
1095 936 1219 1018 exprimi
1252 937 1309 998 iam

164 1055 254 1118 supra
270 1036 496 1111 declaravimns3
512 1036 557 1098 sin
574 1043 673 1098 autem
691 1036 834 1099 intentius
850 1035 966 1114 legeris,
982 1035 1109 1097 omissas
1124 1055 1140 1098 a
1153 1035 1246 1098 Plinio
1262 1055 1310 1097 res

165 1138 237 1198 duas
261 1135 382 1210 videbis,
414 1143 443 1197 et
464 1136 531 1208 hoc,
561 1152 789 1216 nonnumquam
813 1134 902 1197 etiam
926 1153 1030 1215 pacem
1052 1136 1131 1197 iuter
1152 1152 1308 1196 murenam

165 1245 196 1298 et
218 1253 363 1315 congrum
387 1253 453 1297 esse
475 1234 631 1315 sociosque
653 1234 718 1296 ficri
739 1236 843 1315 lupum
868 1242 897 1296 et
920 1234 1070 1314 mugilem,
1098 1241 1127 1296 ct
1149 1233 1230 1305 illud,
1253 1233 1309 1294 vi·

164 1353 251 1398 vere
273 1353 323 1396 eos
346 1333 397 1414 qui
420 1333 543 1395 caudam
558 1332 712 1395 amiserint
736 1329 884 1409 (ζῶσιν
899 1327 1106 1417 ἀφῃρημένοι
1123 1331 1309 1410 Aristoteles)

163 1452 263 1514 neque
277 1431 367 1511 igitur
381 1432 569 1495 mortiferum
586 1450 720 1495 morsum
735 1452 809 1495 esse.
841 1432 944 1512 ltaque
961 1432 1073 1494 Plinius
1087 1430 1191 1511 ipsene
1205 1449 1309 1511 graeca

162 1529 329 1594 breviavit?
358 1530 480 1594 minime
502 1549 588 1594 vero:
612 1531 818 1594 statim'enim
842 1531 1012 1593 addendum
1027 1529 1154 1612 putavit:
1178 1530 1310 1610 Nigidius

162 1632 487 1713 coctorestproerodere
499 1630 621 1693 eaodem
632 1630 839 1712 mogililcpom
849 1632 1013 1712 eosdemque
1022 1632 1102 1693 atatis
1113 1630 1257 1692 meotides
1266 1627 1308 1708 (id

163 1740 208 1794 est
235 1721 309 1792 κατ’
340 1727 448 1802 ἐνίους
477 1727 632 1812 καιρούς)
659 1731 810 1794 concordes
843 1748 909 1792 esse.
956 1729 1061 1791 Omnes
1090 1739 1185 1791 cotem
1213 1731 1308 1790 ciuem

163 1831 263 1912 qantos
291 1830 401 1891 eoodoe
429 1831 468 1890 sio
505 1838 697 1908 amputentur.
747 1828 852 1910 ltaque
884 1827 1016 1908 Nigidius
1050 1827 1171 1908 quidem
1208 1827 1306 1888 locum

164 1929 327 1992 Aristotelis
360 1929 479 2009 plenum
518 1927 688 2004 exhibebam
725 1929 831 2010 quodsi
855 1928 967 1990 Plinius
991 1927 1180 1990 Aristotelem
1207 1926 1307 2008 ipsum

74 2036 75 2043 ’
162 2029 357 2100 adhibuisset,
381 2027 423 2090 de
437 2028 494 2089 ista
516 2046 548 2089 re
570 2028 655 2109 plane
678 2047 738 2090 non
761 2027 818 2090 fuit
840 2046 893 2100 cur
915 2027 1014 2107 Nigidi
1036 2036 1087 2089 aut
1110 2028 1233 2089 omnino
1256 2033 1307 2087 aut

162 2128 210 2190 hic
231 2127 437 2190 tautummodo
461 2143 573 2188 nomen
595 2127 767 2207 adponeret.
806 2127 991 2190 adhibuerat
1011 2126 1189 2188 breviarium
1212 2125 1306 2205 graeci

161 2226 260 2307 operis
282 2226 400 2306 aliquod
415 2225 544 2305 indeque
559 2225 607 2287 hic
622 2245 638 2287 a
655 2226 770 2305 Nigidio
793 2246 856 2288 rem
880 2225 1003 2288 eandem
1020 2224 1137 2307 excerpi
1157 2244 1196 2286 ue
1211 2225 1306 2285 sensit

161 2323 296 2406 quidem!
331 2325 436 2387 Elucet
462 2332 561 2386 autem
583 2325 641 2387 hoc
662 2324 733 2387 illud
756 2345 822 2388 esse
841 2324 1019 2388 breviarium
1034 2325 1114 2405 quud
1130 2343 1183 2404 pro
1199 2322 1306 2384 lunda-

161 2430 262 2485 mento
296 2423 406 2504 ubique
428 2420 558 2504 ponebat
580 2424 693 2486 Plinius
728 2444 825 2505 neque
859 2425 994 2504 cuiquam
1027 2423 1058 2484 id
1091 2423 1151 2484 veri
1181 2421 1304 2485 similius

161 2539 251 2603 quam
274 2522 415 2604 Pompeio
439 2523 534 2601 Trogo
557 2523 715 2585 tribuetur.

244 2621 342 2702 Atque
356 2622 415 2684 iam
427 2621 609 2684 breviuscula
625 2623 774 2685 inseratur
785 2621 863 2684 Plini
872 2620 1097 2700 Aristotelisque
1112 2618 1304 2700 comparatio.

246 2734 286 2795 lle
307 2733 429 2795 insectis
452 2733 567 2796 Plinius
589 2735 620 2797 in
642 2735 707 2816 ipso
730 2734 795 2797 libri
817 2734 856 2796 lll
879 2733 1017 2796 exordio:

260 2873 372 2935 Multa
395 2873 489 2934 haec
510 2881 547 2935 et
570 2875 840 2955 multigenera3
863 2873 1110 2937 terrestrium
1134 2872 1304 2935 volucrum-

260 2990 320 3051 que
342 2971 415 3041 vita3
441 2972 516 3033 alia
539 2983 701 3052 pennata
726 2985 766 3038 ut
788 2991 889 3056 apes,
918 2974 991 3036 alia
1013 2983 1175 3054 utroque
1198 2976 1304 3036 modo

260 3079 297 3131 ut
330 3071 526 3145 formicae,
559 3072 684 3155 aliqua
707 3083 737 3135 et
759 3074 897 3154 pennis
925 3072 1101 3154 etpedibus
1134 3074 1304 3136 carentia

260 3178 298 3230 ut
318 3169 411 3244 *iuri3
433 3172 532 3234 omnia
554 3172 699 3236 insecta
722 3174 912 3255 appellata
935 3173 975 3234 ab
998 3172 1184 3235 incisuris
1207 3188 1304 3254 qnae

260 3287 362 3331 nuuc
384 3270 589 3332 cervicium
611 3271 712 3346 loeo,
735 3292 836 3336 nunc
857 3280 1057 3353 pectorum
1080 3280 1193 3350 atque
1216 3271 1302 3345 alvi,

259 3367 426 3446 praecincta
457 3379 635 3449 separant
665 3371 819 3435 membra
848 3375 930 3437 tenui
962 3375 1052 3436 modo
1075 3374 1174 3436 fistula
1196 3375 1301 3438 cohae-

264 3467 359 3529 rentia
374 3487 442 3548 eqsr

157 3610 214 3683 Qui
237 3610 396 3673 emendare
411 3612 497 3674 verba
519 3623 716 3693 susceperunt
732 3615 918 3679 Aristotelem
935 3612 1038 3680 vellem
1060 3619 1238 3682 evolvissent
1252 3619 1303 3682 ubi

157 3709 229 3771 haee
256 3709 622 3792 snutp.523B17sq.:
656 3711 693 3775 τὸ
724 3711 762 3777 δὲ
791 3711 937 3800 ἐντόμων
968 3716 1091 3801 (γένος)
1122 3713 1142 3780 ὃ
1172 3715 1304 3781 πολλὰ

157 3805 223 3870 καὶ
257 3801 432 3890 ἀνόμοιοι
462 3807 678 3894 περιείληφεν
713 3811 785 3898 εἴδη
818 3811 925 3900 Epioe(
973 3813 1059 3879 ἔστι
1089 3813 1122 3881 δ’
1153 3815 1302 3899 ἔντομα

158 3900 231 3968 ὅσα
260 3900 361 3968 eaeo?
391 3904 574 3992 τοῦνομά
604 3908 715 3976 ἐστιν
744 3911 918 3997 ἐντομάς
949 3913 1088 3996 ἔχοντα
1110 3914 1130 4000 ἢ
1152 3913 1193 3980 ἐν
1214 3926 1302 3990 τοῖς

156 3999 324 4078 ὑπτίοις
362 4003 381 4090 ἢ
421 4005 462 4071 ἒν
502 4018 588 4084 τοῖς
629 4013 827 4093 πρανέσιν
857 4010 876 4098 ἢ
905 4011 941 4078 ἐν
976 4007 1106 4099 οέμφοῖν
1141 4013 1196 4077 καὶ
1228 4011 1302 4078 οὔτε

157 4094 298 4176 ὀστῶδες
329 4102 395 4184 ἔχει
425 4109 461 4169 ἓν
495 4106 734 4192 κεχωρισμένον
767 4108 841 4174 οὔτε
871 4110 1054 4198 σοιριιῶὃες,
1086 4110 1171 4177 ἀλλὰ
1200 4116 1302 4196 μέσον

157 4199 302 4286 ἀμφοῖν·
338 4202 375 4266 τὸ
411 4205 507 4288 σῶμα
541 4205 603 4289 γὰρ
638 4200 775 4292 ὁμοίωςΙ
799 4209 855 4272 κοιλ
886 4209 949 4275 ἔσω
980 4212 1037 4276 καὶ
1067 4210 1130 4286 ἔξω
1161 4210 1301 4297 σκληρόν

156 4300 246 4365 ἐστιν
268 4296 385 4368 αὐτῶν.
423 4301 512 4367 ἔστι
536 4301 570 4369 δ’
594 4304 741 4392 ε”ντομοι
770 4309 836 4372 κοιλ
859 4308 1015 4398 ἄπτεροι
1045 4309 1134 4376 οἷον
1163 4311 1300 4387 ἴουλος

156 4399 214 4464 καὶ
243 4399 488 4489 σκολόπενδρα,
523 4404 591 4468 καὶ
621 4407 804 4492 πτερωτοὶ
835 4408 923 4476 οἷον
951 4409 1121 4494 μέλιττα
1150 4409 1206 4474 καὶ
1235 4434 1299 4497 μη-
