2924 5018
629 283 848 348 ..95-

166 457 328 537 disputatio
354 458 517 539 excipiebat
547 459 601 522 ita:
628 457 726 522 Restat
753 470 786 521 nt
808 460 928 522 doceam
952 470 1033 541 atque
1063 460 1219 542 aliqnando
1238 478 1310 540 per-

165 573 243 618 orem
271 560 368 619 omnia
388 603 396 618 .
413 599 421 619 .
440 600 472 619 ..
501 557 649 620 monton
676 572 765 620 cansa
789 559 871 638 sacta
896 568 924 620 et
949 569 1058 638 parata
1085 578 1151 621 esse.
1196 558 1310 633 Quibus

165 654 279 717 duabus
295 656 449 719 sententiis
463 674 538 735 quae
551 655 724 719 intermissa
739 674 822 718 nunc
835 657 942 735 legitur
956 656 1126 720 vilissimam
1149 658 1311 737 interpola·

164 753 280 818 atonem
300 773 365 816 esse
378 754 446 834 quis
462 755 556 816 semel
570 754 704 816 monitus
719 773 781 817 non
797 756 921 817 sentiet:
946 757 1003 834 [lia
1018 774 1073 835 qno
1090 756 1168 818 debet
1188 756 1314 834 mtelleqi

164 870 218 914 nes
244 852 370 934 fiqaram
389 856 531 934 situmque
551 854 743 916 ntembrornm
765 872 817 916 racc
837 858 945 936 inqenii
969 857 1123 935 mentisque
1144 858 1202 916 olm
1223 853 1311 916 talem

163 950 245 1032 effici
269 955 394 1032 potnt‘aee
426 949 585 1034 scatendi
617 953 655 1014 de
688 953 796 1032 quibus
822 953 978 1016 verissime
1006 953 1151 1016 Hirzelius
1180 973 1208 1033 p.
1235 950 1308 1013 198:

163 1049 263 1111 dieser
285 1053 404 1128 (ganzo)
419 1049 575 1113 dbsclrnitt
598 1051 671 1112 vvird
694 1069 757 1113 nun
781 1052 886 1127 (durcb
908 1053 1010 1115 diesen
1027 1052 1106 1128 Sata)
1129 1052 1182 1114 aul
1202 1051 1310 1112 einmal

163 1147 236 1210 dem
258 1148 433 1224 vorletzten,
453 1149 551 1228 laingst
573 1148 735 1227 erledigten
757 1149 859 1212 Theile
882 1151 934 1213 des
948 1151 1086 1229 Vortrags
1108 1146 1309 1229 zugewiesenl

163 1245 282 1309 Scilicet
303 1264 367 1309 non
388 1245 489 1309 viliora
511 1253 583 1308 sunt
604 1265 693 1327 quam
709 1267 784 1328 quae
798 1249 935 1328 sequenti
956 1249 1138 1329 paragrapho
1154 1248 1190 1310 ab
1206 1248 1309 1310 eodem

162 1351 237 1425 puta
264 1344 480 1426 interpolatore
508 1346 648 1426 adspersa
678 1346 832 1409 verissime
866 1347 1043 1427 explodunt:
1078 1345 1220 1425 lbincrpio
1252 1350 1310 1425 ipse

162 1445 290 1506 nmndco
313 1445 431 1507 demant
452 1444 654 1524 bominumque
681 1435 769 1506 cansa
795 1448 893 1526 factas
914 1456 955 1507 est
979 1447 1114 1526 [quaeqae
1136 1447 1168 1506 in
1190 1462 1221 1506 eo
1242 1455 1310 1506 eant

162 1560 198 1604 ea
216 1551 326 1622 parata
347 1543 385 1605 ad
405 1544 537 1623 fractam
556 1543 703 1607 bominum
724 1554 750 1606 et
770 1547 887 1606 inventa
913 1541 1004 1626 sant].
1042 1545 1139 1623 Atque
1166 1542 1225 1604 iarn
1253 1543 1309 1605 sub

162 1639 255 1703 linem
276 1641 411 1720 denique·
425 1641 493 1703 libri
514 1640 560 1702 sui
582 1641 612 1702 id
635 1659 651 1703 a
668 1641 809 1704 Cicerone
831 1640 989 1721 exponitur
1012 1639 1066 1720 (de
1089 1660 1149 1721 quo
1165 1641 1229 1714 int
1249 1639 1307 1699 133

161 1739 279 1801 nullum
300 1740 426 1802 verbum
447 1741 506 1815 est)
536 1739 576 1801 ita
609 1741 701 1801 factas
734 1740 778 1801 vel
802 1740 961 1802 instructas
983 1758 1030 1801 res
1052 1739 1183 1818 singulas
1204 1756 1308 1800 revera

162 1856 230 1900 esse
252 1838 366 1901 bomini
388 1845 421 1900 ut
441 1837 613 1900 inserviant.

247 1937 344 2016 Atque
365 1935 458 1999 nihilo
480 1935 574 2013 magis
596 1936 738 2015 probatur
760 1935 833 1997 mihi
855 1936 935 2015 quod
957 1936 1078 1998 alteram
1103 1933 1309 2015 disputationis

161 2039 277 2115 partem
304 2034 401 2116 quales
432 2037 489 2096 sint
515 2034 561 2096 dei
585 2033 730 2095 Hirzelius
764 2041 965 2115 comparatam
999 2043 1060 2096 tarn
1092 2034 1169 2094 male
1204 2032 1308 2095 scribit

161 2132 205 2213 (p.
228 2130 319 2208 208),
348 2141 383 2196 ut
408 2152 425 2194 a
447 2136 465 2209 t
489 2132 530 2193 45
553 2132 590 2193 ad
612 2130 652 2193 73
681 2131 772 2194 aliurn
802 2142 891 2212 atque
918 2132 951 2194 in
977 2133 1072 2212 prima
1094 2141 1179 2212 parte
1205 2141 1308 2194 aucto-

161 2248 230 2292 rem
262 2230 427 2311 exprimere
463 2229 565 2292 Cicero
601 2230 752 2310 putandus
788 2230 837 2291 sit.
894 2229 1029 2292 Perbene
1064 2249 1117 2308 ego
1152 2231 1308 2293 cohaerere

161 2329 258 2406 sentio
280 2337 399 2410 praeter
420 2328 594 2407 scrupulum
614 2346 707 2389 unum
724 2327 832 2388 omnia.
870 2327 904 2388 ln
926 2327 1022 2406 prima
1045 2336 1129 2407 parte
1151 2346 1209 2389 esse
1224 2327 1308 2389 deum

160 2427 202 2489 ita
235 2427 403 2489 firmaverat
431 2427 533 2489 Cicero
567 2434 607 2488 ut
630 2427 776 2489 mundum
810 2426 899 2488 deum
933 2443 998 2488 esse
1032 2425 1181 2487 evinceret
1209 2429 1227 2500 t
1251 2424 1306 2487 39:

159 2529 276 2606 sapiens
297 2535 337 2589 est
357 2529 447 2606 iqitnr
468 2536 494 2587 et
513 2534 667 2606 propterca
690 2524 767 2587 dene.
812 2523 871 2585 Sed
898 2525 997 2604 potius
1020 2524 1087 2586 deos
1109 2543 1166 2588 esse
1188 2525 1307 2586 lirmare

161 2624 218 2686 sibi
239 2625 395 2704 proposuit
416 2624 543 2704 ideoque
565 2623 653 2686 etiam
677 2623 773 2685 sidera
797 2621 893 2684 divina
916 2641 981 2684 esse
1003 2622 1091 2685 adicit
1108 2622 1233 2684 39-44
1257 2622 1307 2683 ubi

161 2722 359 2785 affirmatione
380 2740 438 2783 esee
469 2721 532 2784 deos
553 2739 622 2801 pars
648 2728 711 2782 tota
738 2720 907 2783 absolvitur.
953 2720 1013 2782 lam
1036 2738 1106 2782 vero
1129 2721 1203 2781 alter
1225 2721 1306 2782 locus

119 2847 122 2850 *
161 2820 245 2894 §45
268 2801 361 2901 q'nalt'a
383 2838 484 2882 eoram
505 2832 614 2884 natura
634 2823 670 2881 sit
699 2818 853 2897 aptissime
881 2818 1004 2898 abipsa
1029 2818 1133 2881 mundi
1156 2818 1307 2882 divinitate

161 2917 283 2998 incipit:
315 2928 349 2981 nt
372 2922 501 3000 premam
533 2918 646 2993 (daiam
674 2917 754 2998 quod
777 2917 848 2979 huic
871 2920 1000 2997 pruinam
1027 2918 1208 2997 respondeat
1234 2934 1307 2998 sup·

158 3017 234 3098 pleri
257 3018 321 3079 volo
342 3021 360 3093 ξ
383 3017 438 3080 60:
467 3016 575 3081 Midiae
604 3026 699 3078 antem
722 3015 828 3078 deinde
849 3024 967 3096 praeter
990 3017 1136 3079 mundum
1160 3024 1189 3079 et
1210 3016 1307 3079 sidera

161 3124 288 3178 naturae
311 3115 432 3178 deornm
559 3117 724 3178 constitutae
753 3117 972 3195 nominataeque
999 3113 1083 3194 sunt)
1111 3115 1187 3177 banc
1213 3119 1306 3196 ipsam

159 3213 303 3276 mandam
323 3231 379 3294 qno
406 3213 481 3275 nibil
502 3213 685 3277 eccellentiae
704 3213 771 3294 fian
786 3223 877 3292 potest
898 3216 1073 3275 animantem
1093 3231 1151 3274 aare
1173 3223 1200 3275 et
1222 3213 1306 3275 team

158 3311 280 3374 indicem
306 3315 380 3389 (non
402 3311 543 3393 indicem).
577 3314 624 3374 An
651 3330 714 3374 non
739 3311 914 3374 indicandus
940 3310 1070 3374 mundus
1093 3311 1148 3373 luit
1173 3310 1258 3390 quasi
1279 3310 1305 3370 is

159 3410 212 3491 qui
226 3428 329 3473 revera
345 3428 409 3472 eam
426 3430 515 3490 quam
531 3411 579 3472 dei
594 3429 659 3473 esse
674 3410 932 3491 ,‚praesentimus“
956 3409 1171 3490 qualitatem
1185 3408 1305 3470 habeat:
1407 3488 1411 3496 υ

158 3509 359 3572 animantis
382 3517 412 3571 et
434 3528 504 3589 quo
532 3509 625 3571 nihil
652 3509 701 3571 sit
722 3505 877 3570 melius?
922 3507 1071 3582 Quoniam
1093 3526 1162 3568 vero
1185 3506 1307 3586 Epicuri

159 3607 304 3670 dubitatio
326 3608 363 3669 ad
386 3608 601 3688 qualitatem
624 3607 779 3688 pertinens
799 3608 891 3689 qualis
911 3610 947 3668 eit
968 3606 1101 3669 volatilis
1117 3616 1144 3669 et
1162 3605 1307 3672 rotundat

158 3707 230 3768 dens
243 3725 277 3769 se
291 3705 378 3768 oliert
391 3705 423 3768 in
438 3725 495 3787 qua
517 3706 643 3770 divina
659 3705 784 3787 qualitas
806 3704 1060 3769 rotunditatis
1076 3705 1216 3787 qualitate
1231 3724 1305 3767 con·

157 3805 289 3880 tutatur,
315 3805 451 3867 iteranda
480 3805 609 3868 breviter
631 3804 769 3886 scriptori
791 3805 942 3868 conclusio
965 3812 1012 3866 est
1033 3806 1179 3868 mundum
1202 3823 1304 3868 revera

159 3903 271 3984 quippe
298 3902 419 3983 reliquis
447 3904 599 3967 meliorem
628 3923 693 3967 esse
726 3908 902 3968 cnimcmem
929 3923 1028 3967 sensns
1056 3908 1157 3968 mentis
1184 3905 1305 3965 rationis

158 4012 314 4081 compotem
342 4020 415 4081 quae
447 4001 514 4082 quia
544 4003 633 4066 verbo
660 4009 750 4066 tenus
779 4021 814 4089 ex
845 4001 926 4076 §36
955 4009 1107 4084 assumpta
1134 4008 1219 4076 sunt,
1254 3998 1306 4080 qui

157 4100 235 4163 banc
265 4099 477 4181 repetitionem
506 4101 622 4163 diverso
650 4100 763 4164 auctori
791 4097 929 4163 tribues?
972 4101 1035 4162 lam
1064 4116 1133 4162 vero
1166 4097 1306 4161 rotundi-

154 4206 250 4261 tatem
279 4199 422 4279 optimam
453 4217 519 4261 esse
544 4206 705 4280 postquam
732 4200 913 4262 adseveravit
940 4203 958 4274 ξ
981 4199 1033 4272 47,
1064 4198 1168 4261 deinde
1196 4196 1236 4258 48
1260 4216 1304 4278 sq.

157 4317 223 4362 esse
244 4299 392 4360 mundum
419 4297 526 4360 talem
554 4305 589 4359 ut
615 4298 779 4361 rotundum
807 4299 961 4361 credamus
990 4306 1032 4359 et.
1047 4296 1112 4376 ipso
1135 4294 1184 4356 illo
1214 4294 1305 4369 „caeli

156 4396 273 4477 palato“
304 4397 479 4479 comprobat
500 4403 530 4461 et
557 4395 689 4481 siderum
717 4395 867 4461 cursibus:
902 4415 960 4478 qua
987 4395 1033 4475 via
1063 4393 1159 4456 evenit
1181 4402 1214 4458 ut
1237 4413 1305 4458 cum
