2924 5018
617 275 862 339 -172-

168 449 326 534 μυάιιιον·
349 448 486 535 ὄστρεον
501 446 705 525 θαλάσσιον;
730 470 799 513 narn
821 446 910 535 μόαξ
923 454 994 515 salis
1010 459 1113 524 nulus,
1128 451 1321 518 θαλάσσιον

167 562 267 615 aulem
289 553 409 615 additur
434 550 575 632 quoniam
598 552 688 613 etiarn
717 552 748 614 in
771 552 907 615 amnibus
921 552 1106 633 lacubusque
1128 563 1251 616 ostreae
1272 555 1320 617 dc

167 661 243 730 gunt
266 651 314 727 (cl.
338 650 446 731 Diphil.
462 669 509 730 ap.
525 650 633 711 hlhen.
648 669 676 730 p.
694 649 787 726 92Α).
831 651 939 713 Errore
961 668 1024 713 non
1056 651 1203 715 dissimili
1227 659 1321 725 erlem,

168 770 234 813 esse
256 751 439 813 intellectum
463 758 509 810 est
529 749 688 811 lectionem
713 748 844 832 ξιφίας·
869 747 968 828 ίχθός
983 746 1187 823 ποιός·,ιιαὶ
1206 750 1318 835 Δῆλος,

167 839 348 911 contractam
372 867 437 911 eam
460 868 496 910 ex
519 847 647 910 duabus:
671 846 800 931 ξιφίας·
832 847 930 927 ίχθός
959 847 1060 922 ποιός
1090 848 1152 911 καί
1184 854 1318 934 σκιφίας

166 958 210 1009 el:
240 939 403 1019 στυθιάς·
433 943 551 1029 Δῆλος.

252 1046 452 1109 strombus.
496 1041 676 1125 στρόμβυς·
707 1040 813 1116 ὀίνος·
843 1040 976 1124 ιιόχλος;
1006 1056 1037 1109 et
1070 1046 1131 1110 sub
1154 1044 1316 1126 σάλπιγξ·

165 1143 222 1207 καὶ
246 1143 437 1208 θαλασσίαν
459 1135 649 1221 σάλπιγγα·
679 1140 773 1224 παρὰ
790 1133 970 1227 Ἀρχιλόχφ
1000 1142 1039 1207 dd
1059 1142 1120 1208 τόν
1142 1143 1318 1229 στρόμβοι.

251 1245 367 1306 solen.
411 1238 554 1325 σωλῆνες
689 1238 745 1303 καὶ
774 1242 839 1303 ’τῶν
871 1238 1149 1326 ὀστρακοδέρμων
1172 1266 1209 1307 τι
1230 1248 1318 1324 γένος

166 1340 358 1420 κογχυλίων.

251 1440 337 1503 otia.
381 1439 466 1502 abest
486 1438 523 1501 ab
541 1438 685 1518 llesychic
708 1438 804 1500 lorma
818 1438 891 1501 baec
905 1440 1053 1503 sermonis
1068 1441 1171 1520 graeci
1196 1443 1317 1523 volgaris

165 1539 249 1602 cuius
272 1539 384 1600 similes
405 1538 482 1600 infra
498 1536 759 1614 memorabuntur3
782 1547 877 1599 exstat
891 1545 991 1601 tamen
1006 1540 1085 1620 apud
1109 1540 1200 1604 illum
1222 1542 1315 1623 ipsum

166 1632 221 1710 οὖς
239 1632 435 1720 Ἀφροδίτης
457 1636 541 1717 quasi
563 1645 728 1698 ostrearum
750 1654 854 1715 genus.

249 1736 359 1798 helix.
404 1735 531 1798 conicias
563 1734 665 1796 forsan
697 1734 805 1814 aliquis
836 1737 940 1798 adesse
970 1755 1035 1798 cam
1057 1738 1125 1800 locu
1148 1738 1212 1801 hnc
1233 1740 1315 1821 plsne

165 1835 267 1896 vitiose
283 1835 405 1897 lraditn:
430 1832 523 1906 ἕλιξ.
541 1878 569 1895 ..
587 1878 595 1895 .
611 1833 667 1894 καὶ
682 1830 701 1896 ὀ
718 1832 844 1916 ιαρπός
860 1832 916 1897 καὶ
933 1832 1052 1918 ψέλιον
1066 1845 1101 1899 ut
1115 1856 1175 1917 pru
1190 1836 1314 1922 καρπὸς

163 1942 292 2014 ponatur
315 1934 359 1995 vel
380 1928 497 2012 κόχλος
520 1933 564 1994 rel
586 1929 716 2010 κόγχος;
745 1932 925 2013 probabilius
952 1942 1033 1997 certe
1061 1936 1220 2016 prelatum
1241 1937 1312 2018 apud

164 2033 266 2094 doctos
289 2050 349 2093 non
373 2031 448 2105 vidi3
481 2032 533 2092 sed
566 2031 646 2093 enirn
680 2031 780 2094 animo
803 2032 874 2094 dum
897 2041 1032 2113 tempere
1054 2034 1116 2096 huc
1137 2035 1244 2116 polius
1265 2037 1311 2098 de·

165 2129 264 2191 venio:
286 2128 343 2191 καὶ
365 2121 402 2191 cd
426 2123 644 2212 ιαρπόὀοσμα
666 2128 721 2191 καὶ
744 2129 872 2213 ψέλιον.

250 2247 426 2310 purpura.
469 2225 626 2311 πορφύρα
648 2249 672 2290 s.
689 2249 714 2291 v.
731 2228 892 2313 μελίκηρα
914 2239 945 2292 et
966 2227 1151 2315 μήλωθρας
1172 2233 1250 2297 item
1271 2235 1307 2297 h·

162 2329 224 2390 tine
247 2347 321 2409 quae
339 2329 445 2392 dicitur
468 2327 588 2389 murix
610 2324 729 2410 κάλχης
750 2329 815 2390 loco
838 2349 904 2392 esse
919 2329 1094 2392 crediderim
1118 2339 1216 2413 atque
1237 2332 1309 2395 hauc

161 2427 325 2508 Hesychius
348 2427 486 2508 explicat:
511 2422 678 2508 πορφύρα.

246 2525 341 2606 pina.
387 2535 485 2590 πίυα·
519 2521 607 2597 eidos
641 2522 761 2603 ἰχθύος
793 2524 848 2588 καὶ
881 2517 1086 2609 ὀστρακῶὀες
1121 2527 1307 2609 ιογχόλιονς

163 2624 271 2686 deinde
295 2624 452 2705 utrobique
475 2623 565 2686 etiam

247 2724 459 2804 pinoteres.
503 2719 697 2805 πινοτήρης·
730 2720 924 2805 πινοφύλαξ
944 2720 1136 2806 λεγόμενος·
1166 2736 1256 2792 πτνα
1275 2722 1306 2791 d'

162 2819 252 2895 εἶδος
286 2817 428 2904 ὀστρέου.
475 2823 509 2884 ln
542 2821 650 2903 quibus
673 2839 694 2882 o
716 2822 881 2902 simplicem
915 2823 1003 2886 scribi
1037 2842 1099 2887 non
1133 2824 1176 2889 ila
1213 2825 1306 2905 magui

160 2920 250 2996 laci03
283 2921 427 3001 duplicem
462 2922 631 2982 Athenaeus
665 2941 694 3002 p.
722 2918 793 2982 891)
815 2920 867 3001 (cl.
894 2922 989 2985 llanlri
1011 2923 1053 2984 ue
1075 2924 1132 2986 lex.
1147 2924 1220 2989 Hes.
1244 2944 1305 2988 vera

161 3019 234 3098 orig.
249 3040 279 3099 p.
296 3019 360 3097 80).

244 3117 350 3181 cnide
373 3135 480 3198 quam
504 3136 572 3180 nos
588 3119 953 3182 urticamvoeamus:
977 3117 1104 3183 κνίδαι·
1120 3114 1304 3207 ἀιαλῆφαι.

245 3218 382 3281 Ceterum
406 3218 517 3280 cocleas
551 3218 640 3280 eliam
672 3221 772 3301 plures
806 3241 840 3282 ex
874 3220 1107 3282 exuberantibus
1129 3220 1303 3301 lliugeniani

158 3318 250 3399 copiis
272 3317 433 3399 Hesychius
455 3317 534 3381 velut
556 3312 695 3403 σελάτης
716 3312 861 3400 σέμελος.
905 3319 999 3381 Porro
1022 3331 1261 3400 componantur:

243 3418 367 3498 aphye.
411 3411 519 3499 ὀφόη·
541 3415 582 3477 τὰ
604 3415 706 3499 μικρὰ
730 3413 888 3496 λχθόδιας
914 3426 945 3480 et
967 3413 1075 3501 ὀφόα·
1099 3418 1264 3503 μεμβράς.

243 3516 411 3579 eitharus
456 3515 697 3577 rhomborum
741 3516 893 3596 generis
937 3535 1154 3598 pessumus:
1200 3520 1303 3583 κίθα-

158 3631 228 3693 ρος·
333 3613 389 3676 ιαὶ
424 3610 523 3693 ἰχθύς
555 3622 585 3676 et
612 3614 668 3676 sub
690 3623 847 3697 μαρῖνυς·
881 3612 1021 3700 κίθαρος
1045 3614 1146 3695 λχθός
1167 3614 1302 3697 θαλάσ-

158 3725 240 3785 σιος.
285 3714 339 3775 llic
372 3713 460 3794 piscis
494 3713 563 3775 salis
596 3731 681 3775 rarus
711 3721 740 3775 et
762 3714 858 3777 Plinio
881 3715 1009 3796 ignotus.
1054 3716 1137 3779 Alius
1159 3724 1209 3779 est
1230 3734 1302 3781 στι-

157 3805 264 3883 θακός
279 3811 356 3890 apud
374 3811 552 3891 hesychium
568 3810 613 3872 vel
636 3813 827 3895 σιίθαριιος,
852 3815 901 3894 qui
926 3815 1004 3876 idern
1020 3821 1109 3895 atque
1123 3812 1302 3900 τράχουροι

157 3911 388 4072 d'elmcrlralcis
433 4003 560 4085 χαλκίς·
584 4005 673 4082 εἶδος
695 4004 811 4092 ὀρνέου
833 4008 889 4072 καὶ
907 4009 1025 4089 ἰχθύος
1051 4019 1082 4074 et
1107 4011 1165 4075 sub
1186 4011 1302 4095 palso-

156 4105 259 4172 ὀίιιονυ
280 4106 408 4187 χαλκίς·
432 4102 451 4168 ὀ
474 4102 582 4185 λχθός.

241 4206 358 4271 cubic.
403 4203 532 4279 κωθός·
565 4204 687 4289 κωβιός
709 4217 738 4270 et
760 4209 936 4289 σωσίβιοι·
969 4210 1097 4290 κωβιοί.
1143 4212 1300 4278 Praeterea

155 4307 230 4385 apud
268 4306 446 4389 hesychium
491 4307 641 4384 κωβῖτις·
685 4301 704 4390 ἡ
741 4305 837 4390 λευκὴ
874 4302 964 4392 spos
1002 4309 1092 4388 (idem
1131 4311 1302 4379 Athenaeus
