2924 5018
624 297 845 360 ..97-

160 467 219 529 nisi
236 488 301 531 esca
317 471 424 551 cuique
439 471 536 533 anima
552 490 607 551 pro
623 472 682 533 sale
697 480 741 534 est
756 492 795 534 ne
810 484 970 554 putrescat.
1002 476 1101 538 Scitur
1115 486 1214 540 tamen
1230 486 1306 540 teste

160 568 314 629 Clemente
336 569 416 631 Alex.
440 571 548 631 Strom.
565 570 614 631 Vll
628 590 657 650 p.
675 571 736 631 304
760 571 840 652 Sylb.
862 574 1006 635 humilem
1029 575 1106 636 hano
1132 577 1305 655 sapientiam

159 685 222 727 non
247 667 401 748 Chrysippi
429 669 520 730 fuisse
548 670 601 730 sed
625 670 775 731 Cleanthis
799 671 915 751 potius,
948 672 1047 752 itaque
1081 681 1111 735 et
1139 674 1242 737 Cicero
1277 685 1307 737 et

160 766 205 827 alii
229 766 319 828 huius
342 767 496 847 proprium
519 787 535 828 a
558 768 720 848 Chrysippo
744 770 934 850 accipiebant.
980 773 1117 834 Eundem
1146 774 1306 855 ipsumque

160 865 310 927 Zenonem
345 867 395 928 ubi
428 867 529 928 Cicero
564 866 667 940 adfert,
703 870 815 931 adlatos
848 870 941 932 fuisse
975 889 991 931 a
1020 873 1181 952 Chrysippo
1216 873 1305 935 dices.

159 964 284 1025 Prorsus
308 965 411 1026 eadem
440 965 554 1028 ratione
578 965 735 1028 Cleanthes
758 969 919 1029 advocatur
941 988 956 1029 a
978 971 1137 1031 Plutarcho
1159 990 1187 1051 p.
1205 969 1306 1032 auru

160 1063 209 1124 uhi
244 1065 280 1124 de
313 1063 444 1126 formicis
478 1083 526 1126 res
561 1071 606 1125 ost
639 1084 713 1146 quas
741 1068 831 1128 simul
859 1087 926 1129 cum
951 1069 1020 1148 pina
1044 1070 1145 1131 Cicero
1168 1071 1306 1149 adposuit

159 1162 200 1223 [ie
223 1163 274 1223 nn.
290 1163 329 1223 lll
345 1163 406 1237 633
428 1164 499 1225 hinc
521 1164 630 1225 scilicet
653 1184 714 1227 non
736 1172 836 1246 potest
865 1167 922 1228 nisi
945 1169 1130 1230 corroborari
1154 1170 1190 1229 de
1213 1169 1306 1249 Chry-

159 1261 243 1340 sippo
278 1261 366 1322 etiam
398 1262 565 1323 Plutarchei
597 1262 664 1323 libri
692 1266 774 1325 fonte
804 1266 984 1326 coniectura.
1031 1267 1088 1328 Sed
1119 1268 1207 1328 etiarn
1232 1286 1306 1348 quae

157 1360 222 1421 loco
239 1360 278 1420 illi
301 1360 351 1441 qui
374 1361 409 1421 de
433 1379 486 1422 sue
509 1368 553 1422 est
576 1363 755 1424 antecedunt
789 1363 937 1426 bestias
965 1364 1154 1426 hominum
1187 1367 1305 1444 gratia

158 1468 358 1537 generatas
382 1479 466 1521 esse
490 1461 665 1522 declarantia
683 1461 879 1542 Chrysippeae
896 1463 1047 1525 doctrinae
1070 1464 1220 1525 simillima
1236 1475 1307 1526 sunt

158 1577 232 1636 quae
254 1577 356 1619 canem
379 1558 504 1620 venandi
526 1577 613 1620 causa
635 1559 724 1639 gigni,
747 1580 858 1641 equum
882 1561 1035 1641 equitandi
1063 1561 1094 1623 in
1117 1563 1192 1624 bello
1217 1564 1302 1624 simi-

159 1657 255 1736 liaque
289 1657 413 1719 docebat
440 1657 596 1737 (Porphyr.
620 1657 656 1718 de
678 1658 785 1720 abstin.
803 1660 842 1720 ΙΙΙ
856 1658 920 1736 20),
952 1661 1043 1738 gallos
1067 1661 1238 1739 gallinaceos
1262 1662 1303 1722 si-

159 1757 220 1816 mul
252 1764 281 1817 et
315 1756 434 1818 cimices
468 1764 502 1817 ut
534 1773 572 1816 ne
601 1755 712 1818 diutius
740 1758 819 1819 iusto
846 1758 938 1818 homo
962 1758 1109 1818 dormiret
1130 1759 1219 1830 (Plut.
1243 1760 1304 1821 Sto.
1330 1827 1333 1833 ,

158 1874 265 1935 repp.
286 1855 415 1930 10441),
438 1874 466 1935 p.
486 1854 630 1933 rotun).
675 1857 753 1929 Quin
788 1857 876 1918 etiam
911 1858 990 1936 quod
1026 1865 1123 1918 totum
1157 1858 1302 1919 mundum

159 1955 260 2016 Cicero
285 1956 316 2016 in
340 1958 357 2029 ξ
377 1955 436 2014 154
460 1973 649 2017 communem
674 1955 796 2017 deorum
821 1965 910 2036 atque
934 1956 1089 2017 bominum
1114 1957 1237 2017 domum
1260 1965 1305 2017 at-

159 2072 216 2132 que
238 2055 341 2114 urbem
367 2074 430 2115 osse
453 2054 563 2127 scribit,
591 2054 750 2134 scripserat
773 2055 852 2115 idem
869 2054 1060 2134 Chrysippus,
1084 2059 1121 2116 ci.
1138 2055 1305 2117 Philodemi

157 2151 236 2236 περὶ
260 2148 365 2233 added.
383 2173 411 2233 p.
428 2151 465 2213 81
485 2154 530 2214 ed.
548 2144 669 2232 Gomp:
693 2152 751 2216 cdv
765 2151 891 2235 κόσμον
908 2200 915 2213 .
932 2199 939 2215 .
956 2199 964 2215 .
982 2147 1306 2237 συμπολιτευόμενοι)

158 2254 256 2324 θεοῖς
279 2250 334 2313 καὶ
358 2247 564 2336 ἀνθρώποις.

245 2352 348 2432 ltaque
371 2370 432 2414 non
455 2373 574 2432 parvam
597 2373 698 2416 rerum
720 2352 898 2432 farraginem
922 2354 1055 2414 attulisse
1072 2353 1204 2415 Stoicum
1221 2372 1306 2414 sum·

159 2470 242 2512 mum
275 2451 356 2512 vides
390 2471 447 2532 qua
481 2453 585 2533 placita
620 2472 672 2514 sua
706 2453 743 2512 de
773 2451 902 2514 sollertia
936 2452 1106 2513 animalium
1144 2452 1307 2514 illustraret

158 2551 398 2632 immensumque
421 2552 503 2613 illurn
528 2554 690 2633 compleret
718 2552 903 2612 voluminum
931 2569 1090 2612 numerum
1115 2571 1174 2632 quo
1200 2570 1304 2614 omnes

156 2649 220 2710 fore
244 2649 385 2710 vincebat.
430 2651 556 2712 Extendi
579 2672 594 2713 a
618 2651 703 2712 nobis
737 2668 809 2710 sane
844 2650 880 2710 de
915 2648 1090 2710 animalibus
1124 2651 1303 2730 comparatio

157 2749 253 2827 possit
268 2756 302 2809 ut
316 2749 400 2828 plura
413 2750 500 2811 etiam
517 2751 557 2811 illi
573 2750 785 2821 retribuantur,
802 2749 889 2810 sicuti
905 2749 1057 2810 rettulisse
1073 2768 1141 2809 eum
1158 2749 1195 2811 de
1210 2750 1306 2829 vulpis

157 2846 248 2926 piscis
270 2848 375 2909 astutia
398 2850 499 2910 credas
523 2849 684 2911 collidat.
709 2870 737 2930 p.
755 2847 855 2908 977ss
879 2866 946 2909 cum
969 2847 1091 2908 Aeliano
1106 2847 1145 2908 IX
1165 2846 1213 2920 12,
1238 2866 1305 2908 cum

158 2944 312 3026 Oppianus
335 2964 459 3026 prorsus
483 2948 615 3010 diversae
638 2946 735 3008 fraudi
760 2945 903 3008 amiauum
922 2945 1053 3026 vulpium
1076 2964 1188 3007 nomen
1205 2963 1305 3006 erroro

157 3043 202 3105 vel
225 3045 408 3124 neglegentia
425 3045 583 3126 subiungat
599 3046 638 3107 lll
656 3046 730 3119 1443
753 3046 823 3106 item
848 3054 917 3124 puta
942 3046 976 3105 de
998 3045 1079 3124 pisce
1103 3046 1153 3125 qui
1177 3036 1306 3127 ἡγεμών

156 3143 314 3204 vocabatur
337 3145 401 3205 coll.
419 3144 498 3206 Plut.
519 3165 549 3225 p.
567 3144 666 3206 980F
690 3163 756 3205 eum
775 3143 909 3223 Oppiano
926 3145 946 3200 V
965 3142 1004 3202 67
1021 3163 1101 3223 sqq.3
1125 3161 1304 3223 quamquam

157 3240 238 3302 enim
255 3242 407 3322 Oppianus
430 3243 582 3305 verbosius
605 3262 668 3304 rem
691 3241 843 3315 instruxit,
867 3253 967 3303 tamen
991 3261 1051 3303 non
1073 3259 1142 3302 casu
1165 3238 1305 3301 flosculus

156 3340 205 3401 hic
228 3341 375 3401 sermonis
398 3343 476 3420 apud
498 3325 661 3421 utrumque
688 3339 867 3419 sublegitur:
903 3342 1019 3402 ἕπεται
1053 3336 1115 3420 γὰρ
1150 3332 1238 3420 αὐτῷ
1268 3335 1305 3398 τὸ

156 3438 254 3521 κῆτος
291 3434 420 3522 ὥσπερ
458 3441 569 3502 οἴακι
607 3439 704 3511 ναῦς
736 3439 780 3499 vel
815 3432 915 3509 δάκος
947 3432 1052 3519 ἅλμης
1087 3432 1183 3514 ἰχθὺς
1217 3429 1306 3517 y’ttce

156 3537 229 3619 νῆα
252 3539 384 3620 νέμων
407 3539 520 3621 οἴηκι
542 3536 677 3621 χαλινῷ.
714 3537 794 3597 Rene
816 3536 906 3596 etiam
928 3534 996 3596 talia
1019 3535 1096 3615 apud
1114 3534 1303 3596 Plutarchum

155 3635 330 3716 proprietati
353 3636 509 3717 Chrysippi
537 3635 695 3697 convenire
718 3635 834 3714 putabis
862 3633 943 3695 velut
970 3633 1048 3712 quod
1078 3633 1159 3694 verbi
1182 3629 1305 3715 ἔλαφος

156 3737 245 3798 etiam
269 3734 443 3815 etymologia
467 3737 549 3796 adest
573 3755 600 3815 p.
622 3733 684 3794 976
707 3734 747 3807 ll3
775 3733 821 3794 vel
850 3732 929 3813 quod
959 3732 1047 3793 modo
1070 3730 1192 3792 Homeri
1215 3733 1304 3793 modo

156 3834 276 3896 Pindari
299 3853 332 3896 ao
347 3833 526 3913 Theognidis
550 3835 639 3896 modo
663 3833 741 3895 Arati
765 3837 805 3913 (p.
828 3831 890 3893 967
912 3832 948 3908 Ε)
978 3838 1132 3911 poetarum
1162 3831 1237 3892 dicta
1260 3831 1304 3891 rei

155 3933 323 4015 propositae
347 3935 539 4013 adaptantur:
563 3935 611 3995 hie
633 3940 679 3994 est
701 3933 781 3993 enim
805 3932 853 3992 ille
869 3931 920 4011 qui
942 3931 1029 3991 etiarn
1051 3950 1135 3992 suam
1158 3930 1228 3991 iecit
1243 3929 1305 3988 Me-

156 4030 242 4095 deam
265 4032 423 4113 Euripidis.
468 4032 546 4104 Quid
576 4031 665 4111 igitur
693 4031 717 4091 si
740 4030 842 4091 Cicero
870 4035 904 4090 ut
932 4029 962 4088 in
984 4028 1060 4089 libro
1084 4047 1172 4109 quem
1196 4033 1303 4089 tracta-

156 4133 253 4194 vimus
277 4131 381 4192 Aratea
406 4149 458 4192 sua
481 4130 661 4191 adscriberet
684 4129 806 4208 abipso
830 4127 969 4188 invitatus
992 4127 1153 4206 Chrysippo
1175 4122 1254 4187 fuit?

242 4232 337 4310 Atque
365 4231 425 4290 iam
446 4240 565 4309 tempus
593 4237 638 4289 est
665 4236 699 4289 ut
730 4227 818 4287 etiam
842 4227 878 4287 de
902 4225 1068 4287 Plutarchei
1091 4224 1157 4284 libri
1179 4242 1303 4303 compo-

156 4331 265 4392 sitione
281 4347 372 4408 pauoa
389 4329 600 4389 subnotentur.
639 4326 800 4386 Exordium
822 4325 891 4386 inde
906 4325 981 4404 petit
997 4323 1124 4401 scriptor
1143 4331 1177 4382 ut
1200 4331 1303 4383 contra

156 4432 236 4510 ipsos
266 4436 297 4489 ut
325 4430 398 4489 solet
428 4437 539 4507 pugnet
562 4414 684 4488 Stoicos.
735 4424 827 4486 Stoici
856 4423 985 4503 expertia
1013 4422 1135 4482 rationis
1165 4421 1303 4484 animalia

209 4527 299 4580 Birt,
320 4525 349 4571 de
361 4526 505 4570 halieuticis.
1127 4525 1142 4578 Ἰ
