2924 5018
655 303 850 364 ..6-

182 498 247 542 esse
263 498 352 558 posse
367 478 517 540 docebunt
531 479 773 557 superstitionem
789 485 922 539 nostram
945 497 1020 557 quae
1042 479 1138 538 audit:
1163 480 1322 552 Quarenti·

180 578 238 639 bus
261 578 375 639 minuta
397 587 480 656 paret
503 576 623 638 Veritas
658 575 777 656 Legitur
804 576 836 637 in
859 576 1027 637 Halieuticis
1048 577 1236 656 participium
1256 583 1322 639 r‘mr'·

180 686 241 738 tata
272 677 309 748 (v.
337 674 425 754 122);
454 675 607 753 participia
636 674 691 735 ista
714 675 866 736 adamabat
888 676 952 754 ipse
976 674 1114 736 Ovidius:
1144 679 1197 738 sed
1220 686 1323 756 poeta-

180 783 278 836 tarum
307 774 374 854 quis
405 773 470 835 talia
500 774 545 833 vel
574 773 682 835 evitare
711 770 850 852 poterat?
912 772 1044 834 Concitet
1075 775 1217 854 frequens
1247 777 1323 855 apud

182 872 309 934 eundern
344 873 375 933 in
405 872 509 951 quinto
540 871 630 950 pede3
664 890 731 932 ecce
759 871 821 931 llal.
853 891 878 930 v.
903 871 942 931 73
971 873 1080 934 concita
1103 871 1200 935 adest!
1235 882 1323 953 atque

181 973 269 1034 etiam
297 971 327 1031 in
351 969 413 1030 Hal.
437 989 461 1030 v.
485 967 526 1030 39
555 973 618 1030 ucri
643 973 765 1031 concitus
790 974 838 1030 irc
864 971 1011 1049 praeclare
1038 970 1181 1033 adsonare
1208 972 1323 1033 videtur

179 1070 215 1131 ad
238 1069 355 1131 Metam.
384 1068 412 1140 7,
433 1068 510 1128 413;
540 1069 643 1131 rabide
672 1071 723 1148 qui
750 1072 872 1131 concitos
899 1073 946 1129 irc
974 1103 1014 1110 —
1047 1070 1099 1130 sed
1128 1071 1323 1149 Vergilianum

180 1188 234 1232 cur
254 1185 424 1247 comparare
446 1185 507 1227 non
528 1166 600 1227 libet
622 1167 653 1226 t.
671 1167 719 1237 IX,
736 1165 813 1226 691:
841 1171 962 1227 immani
983 1170 1106 1229 concitus
1128 1166 1200 1229 ira?
1226 1189 1323 1248 neque

180 1288 196 1330 a
219 1285 369 1347 quoquam
392 1266 516 1326 omnino
538 1274 610 1326 tunc
636 1264 685 1326 hic
706 1284 779 1327 usus
805 1265 927 1326 alienus.
972 1265 1056 1340 Quod
1079 1265 1159 1327 idem
1182 1267 1322 1329 nimirum

179 1367 258 1427 valet
281 1367 317 1426 de
340 1369 468 1426 conscius
496 1364 637 1425 adiectivo
657 1363 688 1424 in
710 1364 813 1443 quinto
835 1366 909 1443 pede
929 1365 1036 1444 posito,
1060 1365 1122 1425 Hal.
1147 1365 1197 1436 27,
1220 1366 1270 1427 ubi
1294 1372 1324 1426 et
1356 1380 1359 1384 ’

179 1465 296 1525 dativus
318 1473 347 1525 et
364 1463 510 1542 genitivus
533 1463 692 1542 adponitur
713 1467 808 1524 teretis
837 1463 891 1524 sibi
911 1467 1022 1525 cmascic
1043 1466 1124 1544 tergi,
1152 1464 1228 1525 sicut
1250 1465 1323 1525 Ver·

179 1563 266 1642 gilius
287 1563 444 1641 scripserat
464 1577 544 1623 atara
565 1563 619 1622 sibi
638 1565 749 1622 conscia
770 1565 841 1623 recti
860 1560 931 1622 den.
954 1562 977 1631 1,
994 1561 1055 1622 604
1084 1581 1172 1641 quem
1204 1568 1323 1623 secutus

180 1661 303 1723 Ovidius
326 1669 372 1721 est
393 1659 462 1721 llet.
491 1660 565 1728 virt,
589 1658 648 1720 531
675 1661 733 1720 diri
753 1661 808 1720 sibi
829 1664 938 1720 conscio
959 1662 1031 1739 scta}
1064 1660 1142 1722 idem
1166 1661 1202 1721 de
1225 1661 1322 1721 adiec-

149 1815 151 1820 .
179 1761 249 1821 tivis
277 1761 325 1821 ilis
359 1760 486 1819 clausula
514 1759 649 1818 formatis
679 1759 774 1836 qualia
801 1757 845 1818 bis
879 1758 911 1818 in
933 1758 1103 1819 Halieuticis
1136 1766 1251 1820 exstant
1282 1765 1322 1832 (v.

181 1857 222 1917 72
250 1867 278 1918 et
307 1857 395 1936 134);
428 1857 506 1917 idem
537 1857 573 1916 de
603 1857 853 1917 substantivorum
882 1867 989 1936 tegmen
1022 1875 1140 1918 acumen
1166 1856 1322 1918 similium·

181 1975 240 2036 que
262 1956 349 2016 turba
372 1955 536 2033 gratissima
560 1962 631 2015 tunc
652 1955 741 2016 etiam
764 1973 869 2033 prosae
893 1955 1035 2015 orationis
1064 1955 1221 2034 plerisque,
1255 1974 1321 2017 cum

180 2055 272 2116 semel
306 2062 419 2116 tantum
453 2053 485 2113 in
519 2052 592 2131 ipsis
631 2052 802 2113 llalieuticis
835 2053 873 2113 sit
899 2055 1048 2132 feromiae
1080 2058 1149 2114 retis
1180 2053 1219 2131 (v.
1254 2053 1323 2132 28);

181 2153 252 2233 quid
274 2154 331 2213 hoc
350 2152 443 2213 valeat
459 2151 571 2212 senties
594 2152 620 2212 si
641 2151 746 2211 Silium
768 2151 875 2212 videris
897 2150 948 2211 ubi
971 2152 1006 2211 ad
1031 2152 1154 2230 piscium
1171 2163 1322 2231 capturam

181 2258 209 2312 ct
237 2251 300 2329 ipse
323 2250 475 2311 descendit
497 2250 593 2310 facere
617 2268 679 2310 non
702 2249 835 2328 potuisse
858 2250 929 2328 quin
952 2249 1096 2311 scriberet
1118 2251 1152 2322 V,
1176 2253 1233 2312 50:

382 2378 537 2455 (Piscator)
563 2396 731 2456 compressa
753 2379 944 2440 cacumina
967 2377 1060 2438 nectit

281 2479 321 2539 Ac
344 2478 448 2538 fraude
471 2477 557 2538 artati
579 2495 711 2538 remeare
734 2476 931 2538 foraminis
955 2483 1043 2547 arcet,

281 2576 409 2638 introitu
431 2576 546 2637 facilem
570 2594 658 2656 quem
681 2576 770 2637 traxit
792 2576 828 2636 ab
852 2594 990 2655 aequore,
1016 2575 1136 2654 piscem.

182 2735 279 2806 Quem
291 2741 391 2795 tamen
413 2734 512 2795 locum
528 2753 565 2793 ne
577 2732 787 2812 adposuissem
803 2733 932 2812 quidem,
954 2731 1013 2792 nisi
1035 2731 1123 2792 etiam
1146 2750 1263 2792 versum
1281 2733 1320 2793 45

182 2852 217 2893 ex
242 2831 415 2893 insidiarum
439 2831 612 2892 Hannibalis
636 2830 834 2910 descriptione
860 2830 1037 2909 quibuscum
1061 2848 1146 2891 nassa
1169 2813 1323 2909 compara·

176 2940 234 2993 tur
255 2932 407 3011 adponere
428 2931 468 2993 ita
491 2930 666 2991 voluissem:

281 3065 318 3124 At
339 3064 445 3126 turba
470 3064 609 3126 umbroso
632 3063 767 3125 servabat
789 3063 899 3125 vertice
922 3063 1033 3125 montis

283 3163 427 3224 Hostilem
451 3163 628 3242 ingressum,
652 3163 770 3241 refugos
793 3163 927 3224 habitura
950 3162 1005 3223 sub
1027 3163 1101 3235 ictu3

182 3326 362 3388 quamquam
386 3307 474 3368 Silius
498 3307 673 3369 coniectanti
695 3325 801 3386 parum
823 3306 917 3366 adbuc
938 3306 1094 3384 adparatus
1119 3312 1173 3367 est.
1205 3340 1243 3348 —
1272 3306 1322 3366 Ni-

181 3407 290 3467 mirum
314 3406 370 3467 hac
393 3406 540 3486 Zingerlei
561 3405 743 3467 ratiunculae
765 3403 906 3465 evanidas
930 3422 1034 3465 omnes
1058 3411 1088 3464 et
1109 3404 1172 3464 fere
1194 3404 1324 3465 ludicrae

180 3505 358 3566 videbuntur
387 3504 413 3564 ci
436 3503 580 3591 qui-post
603 3512 729 3564 mortem
754 3503 837 3564 Ovidi
865 3503 967 3563 fictum
990 3504 1188 3581 fragmentum
1211 3510 1323 3566 statue-

183 3603 232 3675 rit,
256 3601 335 3663 velut
357 3603 436 3680 quod
460 3602 637 3664 concludere
660 3601 769 3680 aliquid
792 3599 828 3660 ab
858 3620 893 3661 eo
921 3599 1060 3661 iubemur
1086 3601 1173 3661 etiam
1202 3622 1237 3663 ex
1265 3604 1324 3682 syl-

180 3700 313 3763 labarum
335 3699 393 3760 isto
416 3699 529 3761 sonitu:
557 3700 678 3761 vimine
707 3700 788 3761 vidit
810 3699 850 3778 (v.
876 3699 936 3774 16),
967 3697 1077 3760 virtus
1105 3698 1259 3781 viresque
1282 3699 1322 3780 (v.

182 3799 236 3878 76)
259 3796 404 3859 similibus
428 3797 524 3877 (Zing.
547 3817 594 3878 pg.
618 3797 671 3877 34)
702 3797 785 3878 quasi
808 3818 843 3858 ex
866 3796 979 3858 sonivio
1001 3796 1140 3876 tripudio.
1185 3799 1323 3861 Placeant

181 3899 253 3961 haec
275 3895 382 3977 quibus
405 3895 440 3957 de
463 3895 565 3957 Ovidio
589 3895 732 3958 dubitatio
756 3895 890 3957 nondum
914 3901 976 3956 orta
1001 3903 1054 3955 est.

267 4021 378 4081 Notum
411 4029 457 4082 est
488 4031 521 4082 ut
549 4022 614 4101 ipsa
644 4021 700 4081 rita
727 4021 930 4081 Romanorum
958 4027 1061 4081 emata
1090 4021 1147 4082 fuit
1176 4021 1323 4100 pictorum

181 4121 426 4200 sculptorumque
447 4120 587 4191 artificiis,
609 4120 649 4180 ita
672 4119 777 4181 animis
806 4127 961 4198 poetarum
989 4119 1059 4180 dum
1089 4119 1218 4181 carmina
1250 4121 1322 4181 scri·

181 4220 257 4280 bunt
278 4225 426 4280 certarum
448 4220 616 4280 tabularum
639 4226 864 4297 statuarumque
880 4217 988 4278 mirum
1009 4224 1155 4297 quantum
1171 4218 1323 4280 inhaerere

183 4318 357 4381 memoriam
380 4319 464 4380 cuius
486 4317 606 4395 vestigia
638 4317 752 4378 detecta
774 4317 864 4378 multa
894 4325 975 4385 suut,
1008 4317 1100 4377 latent
1132 4334 1192 4377 non
1221 4336 1323 4396 pauca.

184 4415 269 4477 Unde
289 4433 351 4476 non
373 4425 471 4479 ortum
494 4416 624 4495 quidem,
647 4414 699 4476 sed
721 4422 842 4477 auctum
863 4415 996 4477 studium
1019 4422 1073 4487 est,
1095 4422 1128 4476 ut
1144 4423 1174 4476 et
1189 4415 1324 4477 homines
