2924 5018
605 314 844 380 —193-

156 493 226 555 illud
255 501 387 554 metrum
410 492 561 555 rarissime
596 492 830 573 deprehenditur
863 492 990 574 explico:
1026 493 1068 556 sic
1100 491 1179 553 enim
1212 499 1297 571 poeta

154 591 297 655 austerior
313 592 397 674 quasi
419 599 508 672 atque
529 591 677 654 horridior
698 592 819 654 inruere
840 591 871 653 in
893 591 1047 655 inimicum
1069 590 1189 655 lividum
1213 591 1296 655 ride-

154 690 251 752 batur.
289 691 384 754 Simul
406 701 505 756 autem
528 693 755 774 tripartitionem
772 691 858 754 metri
872 690 983 753 heroici
1006 690 1131 754 alienam
1154 711 1170 754 a
1192 709 1296 772 graeco

156 790 324 854 Callimachi
339 793 474 872 exemplo
490 792 611 855 viderat.
648 791 757 854 Eadem
773 799 836 853 arte
851 798 984 854 austeras
1005 791 1037 852 in
1053 790 1166 853 Catullo
1182 790 1297 863 Parcas,

154 891 294 953 amabiles
327 911 398 953 vero
421 891 581 973 Hymenaei
604 898 770 955 cantatores
793 910 861 953 esse
884 891 1072 953 observatum
1105 901 1166 967 est,
1201 891 1298 954 simile

156 990 193 1053 de
209 991 338 1054 Senecae
354 992 531 1056 hexametris
548 992 683 1074 quamvis
697 990 830 1072 pauculis
845 991 864 1052 l.
880 990 899 1052 l.
915 1010 945 1072 p.
962 991 1002 1053 65
1018 990 1087 1053 adn.
1105 990 1135 1054 2.
1165 989 1298 1072 Denique

156 1090 244 1152 etiam
265 1090 387 1171 singulis
420 1091 491 1154 locis
513 1101 617 1173 poetas
650 1100 701 1154 aut
732 1091 769 1154 ad
791 1109 855 1153 rem
878 1107 952 1152 sono
975 1089 1179 1153 illustrandam
1202 1098 1251 1153 aut
1273 1089 1299 1150 si

156 1189 228 1269 quid
250 1189 328 1252 aliud
351 1189 493 1253 invitabat
515 1191 561 1253 his
583 1191 721 1254 incidisse
743 1209 861 1254 versum
891 1190 1003 1265 sentio,
1032 1190 1112 1272 quod
1138 1198 1239 1252 tamen
1268 1189 1299 1251 in

155 1287 219 1370 ipsa
252 1288 376 1352 lectione
408 1290 520 1354 facilius
553 1291 765 1354 auscultabitur
796 1309 884 1371 quam
922 1290 1131 1370 disputationis
1164 1291 1299 1370 angustis

156 1387 263 1450 finibus
286 1389 477 1453 describetur.
522 1389 677 1471 Singularc
699 1399 799 1452 autem
827 1388 916 1451 huius
943 1388 988 1451 rei
1015 1390 1184 1470 exemplum
1205 1407 1299 1452 unum

157 1504 218 1548 non
241 1506 407 1552 memorare
428 1506 490 1551 non
511 1508 651 1569 possum:
686 1490 796 1551 Aetnae
831 1489 911 1550 enim
944 1488 1072 1570 scriptor
1102 1490 1138 1552 ad
1171 1490 1299 1553 formam

157 1587 274 1652 tertiam
295 1587 418 1650 formari
440 1581 622 1669 et'primum
644 1588 783 1651 carminis
799 1607 917 1650 versum
932 1589 1087 1651 constituit
1109 1596 1139 1651 et
1161 1588 1299 1652 ultimum

158 1684 262 1763 (646);
293 1696 322 1748 at
346 1705 414 1749 vero
438 1697 467 1749 et
486 1687 615 1768 primum
639 1688 722 1749 illum
745 1687 972 1768 semiquinariae
995 1706 1096 1749 merae
1118 1706 1180 1749 non
1203 1687 1301 1750 minus

158 1783 199 1844 54
215 1783 363 1865 excipiunt
386 1786 425 1861 (v.
442 1786 483 1848 56
498 1785 520 1847 F
536 1786 588 1862 lll)
612 1795 641 1848 et
665 1786 768 1849 ulhnm
792 1786 1017 1867 semiquinariae
1031 1786 1136 1849 saltem
1153 1787 1192 1857 17
1216 1794 1299 1848 ante-

159 1881 269 1944 cedunt
291 1885 329 1962 (v.
347 1883 407 1946 628
424 1892 453 1945 et
468 1884 529 1946 625
546 1886 568 1948 P
586 1884 638 1962 lll)
653 1905 719 1948 cum
735 1885 897 1967 septimum
913 1904 1062 1967 quemque
1079 1904 1199 1948 versum
1215 1892 1301 1967 poeta

158 1980 206 2042 hic
228 1980 273 2042 his
295 1982 424 2045 incidere
439 1983 543 2046 solitus
565 1984 612 2045 sit.
650 1984 752 2065 ltaque
767 1985 842 2046 hanc
856 1985 905 2047 ille
921 1986 1047 2047 formam
1071 1993 1100 2047 et
1122 1984 1303 2065 praelusioni

160 2087 189 2141 et
211 2079 302 2143 exitui
324 2080 495 2145 decorandis
517 2082 605 2146 docte
627 2083 737 2162 selegit.

242 2179 398 2243 Lectiones
414 2181 570 2246 Ouidianas
593 2201 628 2244 ex
650 2183 772 2247 metrica
791 2183 906 2247 ratione
928 2183 1057 2246 iudicare
1081 2203 1141 2244 non
1163 2201 1301 2264 propero.

159 2278 221 2341 Nisi
244 2280 324 2360 quod
346 2281 377 2342 in
401 2282 512 2362 volgata
534 2280 623 2343 hodie
644 2280 790 2362 scriptura
813 2282 880 2346 lllet.
897 2281 946 2346 vn
962 2281 1040 2344 225:

260 2406 297 2468 lit
319 2425 392 2489 quas
415 2407 489 2470 Ossa
512 2407 587 2480 tulit,
610 2427 685 2490 quas
707 2409 799 2472 altum
823 2408 926 2471 Pelion
948 2409 1054 2472 herbas

259 2506 366 2589 Othrys
389 2526 463 2587 quas
485 2506 656 2589 Pindusque
678 2517 707 2570 et
729 2507 823 2570 Pindo
847 2498 942 2570 maior
964 2508 1106 2592 Olympus

160 2634 229 2698 PPS
250 2635 375 2700 inlatum
398 2654 414 2698 a
436 2645 522 2717 pocta
550 2655 689 2717 perverso
722 2637 882 2701 verborum
916 2638 1022 2701 ordine
1044 2656 1109 2701 esse
1130 2637 1304 2701 -scilicet

160 2743 190 2799 et
212 2744 327 2817 poterat
350 2743 381 2799 et
403 2754 456 2816 par
478 2744 542 2800 erat
561 2735 694 2800 scrihere
715 2734 796 2809 Quos
818 2735 924 2818 Othrys
946 2737 1108 2818 lindusquc
1131 2737 1304 2800 —frustra

160 2835 233 2897 mihi
265 2836 442 2917 persuadere
474 2836 588 2908 laborm
622 2836 674 2898 sed
705 2837 750 2897 vel
772 2836 969 2900 Laurentiano
1002 2835 1079 2900 lihro
1111 2836 1143 2899 in
1177 2855 1237 2918 qno
1260 2844 1305 2898 est

162 2934 319 3017 Othrysque
339 2945 366 2998 et
388 2935 550 3017 linduaqaa
571 2935 609 2998 ad
632 2935 788 3017 genuinam
812 2937 957 3001 lecionem
980 2937 1049 2999 duci
1070 2935 1199 3017 poteris:

260 3048 429 3130 Othrysque
450 3047 624 3130 Pindusque
646 3055 676 3110 et
698 3047 794 3111 Pindo
816 3049 911 3111 maior
934 3048 1094 3131 Olympus3

160 3160 276 3239 qualem
300 3161 470 3223 uiolentiam
493 3161 645 3224 metricam
675 3160 746 3224 satis
776 3170 890 3242 gratam
913 3181 977 3224 eam
1001 3161 1110 3224 Nasoni
1132 3159 1305 3243 praesertim

161 3257 281 3321 nomina
311 3262 484 3342 appellativa
507 3259 699 3342 componenti
727 3260 837 3324 librarii
860 3261 1038 3324 difficiliores
1059 3260 1226 3323 leniendam
1248 3278 1305 3340 pu-

161 3357 262 3419 tabant
284 3367 334 3420 aut
348 3377 401 3440 qua
422 3359 540 3442 inques
555 3368 702 3423 mutantes
718 3368 771 3424 aut
792 3361 974 3424 inculcantes
997 3359 1131 3425 attentio
1153 3358 1304 3440 semipedi.

160 3457 198 3518 At
219 3474 321 3520 verum
337 3457 469 3522 ethonis
489 3459 569 3522 libris
585 3461 720 3522 firmattn
736 3467 765 3521 et
780 3479 795 3522 a
813 3459 900 3523 bonis
920 3459 1084 3523 editoribus
1101 3459 1232 3540 agnitum
1251 3466 1305 3521 est.

245 3556 332 3630 Quod
356 3577 425 3622 vero
447 3560 541 3622 semel
564 3559 657 3622 deleri
679 3559 748 3622 PPS
772 3559 803 3622 in
826 3559 984 3623 timoribus
1007 3558 1136 3632 111039
1160 3557 1214 3621 ita:

260 3689 420 3754 Errantem
443 3699 477 3752 ut
498 3689 594 3753 ventis
618 3690 803 3755 discordibus
825 3700 890 3753 acta
911 3689 1048 3772 phaselos

302 3789 519 3870 Dividuumque
542 3797 646 3854 tenent
669 3790 795 3853 alteret
818 3791 1003 3862 alteramur,

161 3919 377 3983 nominativum
399 3920 483 3995 illum
504 3931 538 3984 ut
559 3932 623 3984 octo
633 3921 767 4003 phaselos
781 3921 881 3985 minus
896 3927 1082 4002 expectatum
1096 3919 1167 3983 inici
1183 3936 1307 3980 moneor

160 4021 271 4101 quippe
295 4019 434 4100 adquam
449 4031 530 4083 mot
541 4020 660 4083 difficile
682 4020 717 4084 ad
740 4019 938 4100 supplendum
959 4020 1007 4091 sit,
1030 4037 1097 4081 cum
1120 4025 1222 4080 tamen
1244 4036 1307 4081 non

162 4119 333 4201 explicatius
348 4139 375 4182 e.
390 4137 418 4199 g.
441 4120 473 4182 in
487 4121 550 4182 hrt.
565 4120 631 4181 dm.
647 4118 688 4181 lll
704 4119 765 4182 783
787 4119 922 4182 locutum
943 4125 1062 4200 poetam
1085 4136 1150 4180 esse
1173 4116 1305 4179 rideam:

261 4233 321 4297 Nec
342 4231 397 4295 tibi
418 4240 507 4314 turpe
528 4239 600 4313 puta
622 4231 745 4307 crinem,
769 4240 802 4295 ut
823 4231 951 4313 Phylleia
973 4238 1078 4305 mater,

303 4332 478 4397 Solvereet
500 4331 599 4396 effresia
622 4330 695 4393 colla
717 4331 836 4393 reflecte
856 4331 967 4393 comis:

163 4456 219 4518 hoc
252 4465 298 4518 est
329 4459 424 4522 enim:
458 4470 492 4522 ut
523 4459 605 4522 soluit
629 4465 723 4520 mater
745 4456 882 4537 Plrpllcto.
927 4457 1024 4536 Atque
1058 4452 1182 4516 evolutis
1217 4455 1306 4516 modo

216 4556 496 4607 praemuniendus.
1114 4557 1147 4612 13
