2924 5018
630 313 852 398 „50-

164 493 253 557 dandi
271 491 319 555 eui
333 491 495 571 adplioetur
514 492 596 552 locus
612 491 661 552 bie
683 508 780 570 neque
795 489 909 569 primus
925 496 970 549 est
985 506 1082 568 neque
1098 505 1167 548 vero
1183 485 1315 546 ultimus

163 593 215 672 (of.
230 592 262 652 in
276 590 379 653 Horati
397 608 487 652 carm.
502 589 515 650 l
531 588 560 660 9,
576 587 595 647 2
611 607 745 651 errorem
760 587 870 650 oodieis
885 585 1076 665 Turieensis).
1100 587 1191 647 Porro
1204 604 1233 644 v.
1245 581 1314 644 266

164 699 322 771 corruptus
344 689 398 752 ita':

180 822 183 827 ·
262 788 436 850 Femineum
461 793 603 866 eoneepta
626 785 715 846 deeus
739 793 856 857 manet3

162 901 214 963 ubi
236 909 383 980 conspecto
404 898 488 959 laeile
509 915 667 976 agnosces3
689 891 822 957 osterum
846 896 1052 974 expectabam:
1105 915 1108 919 ’

262 1010 338 1071 Eece
360 1007 484 1070 Itbaci
507 1007 636 1068 eonium
659 1003 943 1087 semper'deeus
965 1004 1099 1067 leariotis

263 1108 456 1169 lnfernum
479 1114 637 1186 conspecta
660 1105 775 1166 decue
797 1114 927 1166 manet.

162 1220 235 1282 Item
259 1237 361 1281 versus
385 1217 445 1279 393
465 1217 533 1279 'sine
556 1218 690 1278 molestia
714 1217 771 1277 nisi
793 1216 982 1296 grammatica
1005 1224 1098 1277 exstat
1119 1215 1176 1276 ita:
1226 1215 1227 1218 ’

263 1296 451 1378 Gramineam
473 1315 558 1378 viridi
580 1316 696 1377 foderet
717 1316 753 1377 de
776 1315 903 1395 caespite
925 1324 1052 1390 terram3

162 1432 220 1495 hoo
242 1439 302 1492 est:

887 1524 975 1586 Hune
997 1534 1026 1586 et
1047 1526 1079 1585 in
1103 1525 1206 1586 orbem

261 1626 396 1689 Destinat
419 1644 452 1687 ae
474 1625 545 1686 ferri
569 1623 707 1703 eapulum
730 1622 865 1702 repetivit
888 1623 919 1684 in
941 1642 1029 1684 usum
1051 1623 1096 1703 (in
1119 1620 1261 1699 orsum?)

263 1723 450 1786 Gramineam
472 1722 558 1784 viridi
579 1721 655 1783 fodit
679 1721 766 1783 etde
790 1721 919 1802 caespite
942 1730 1061 1784 terram.

160 1842 198 1901 bt
219 1858 287 1901 vero
311 1839 424 1918 egregie
446 1839 479 1901 iu
500 1857 528 1898 r.
545 1837 606 1897 272
635 1839 718 1899 furor
740 1837 772 1897 in
800 1837 882 1898 libris
906 1838 1012 1900 dieitur
1033 1837 1154 1900 audacia
1177 1836 1311 1916 Orphei:

260 1951 322 2012 Nee
343 1950 444 2012 timuit
465 1949 682 2028 Phlegethonta
704 1950 818 2023 furens,
842 1952 1012 2014 ardentibus
1037 1952 1136 2014 ondb:

160 2063 217 2125 hoe
239 2070 301 2123 est:
324 2061 457 2141 quamvis
480 2062 578 2123 undae
600 2063 749 2124 arderent.

243 2161 278 2220 In
301 2179 389 2221 versu
411 2178 501 2239 porro
518 2158 579 2220 380
596 2161 676 2241 quod
692 2160 820 2241 llauptio
844 2162 968 2223 debetur
990 2165 1137 2223 tamenetsi
1155 2160 1311 2223 rarissime

159 2259 215 2338 legi
238 2259 315 2338 apud
330 2258 567 2337 poetasmonuit
581 2259 614 2319 L.
628 2259 789 2322 Muellerus
811 2261 847 2320 de
869 2278 903 2321 re
918 2269 1004 2321 metr.
1020 2280 1049 2340 p.
1066 2259 1128 2320 273
1144 2276 1205 2321 non
1223 2278 1311 2320 com·
1399 2294 1405 2302 -

159 2374 266 2439 parans
293 2358 341 2418 ille
368 2355 429 2418 nisi
453 2357 532 2419 Enni
553 2360 631 2418 Ann.
653 2377 678 2417 v.
702 2356 774 2431 512,
805 2376 872 2419 eum
903 2367 1002 2421 tamen
1037 2359 1191 2421 addendus
1228 2368 1312 2419 esset

160 2457 263 2519 Catulli
286 2455 358 2517 6813
373 2476 398 2515 v.
415 2455 465 2516 95.
510 2456 626 2517 Habent
647 2464 747 2518 autem
769 2455 836 2516 libri
858 2457 934 2518 fere:

259 2569 296 2629 Et
317 2576 452 2630 tamenut
475 2568 555 2629 vadis
579 2567 711 2629 dimittes
735 2568 836 2629 omnia
858 2569 970 2644 ventis3

159 2700 234 2761 quae
256 2689 324 2742 nata
347 2699 383 2741 ex
404 2680 460 2741 bae
483 2680 622 2742 videntur
644 2679 789 2759 scriptura
813 2680 948 2759 (plenum
971 2681 1070 2741 looum
1094 2678 1247 2754 exlribeo):

259 2794 318 2855 Sed
340 2793 543 2855 tolerabilibus
566 2793 644 2854 curis
666 2792 739 2853 haee
760 2792 919 2853 immemor
942 2793 1024 2855 audis

258 2893 296 2953 Et
317 2892 446 2952 lamenta
469 2892 548 2969 vagis
571 2890 703 2952 dimittes
726 2889 826 2951 omnia
848 2888 959 2953 ventis!

258 2989 412 3066 Digredior
434 3007 587 3069 nunquam
610 2989 771 3050 rediturus.
817 2988 862 3050 Tu
886 2990 949 3050 cole
972 2989 1063 3050 fontis

258 3089 295 3148 Et
318 3087 418 3150 viridis
441 3104 599 3149 nemorum
623 3086 710 3148 silvas
733 3095 762 3148 et
784 3106 892 3167 pasena
915 3087 1000 3148 laeta.

257 3189 294 3248 bt
317 3205 382 3248 mea
404 3186 524 3248 diffusas
547 3187 703 3265 rapiuntur
726 3185 802 3247 dieta
825 3203 879 3265 per
900 3202 996 3246 auras.
1099 3186 1101 3190 '

157 3298 283 3360 Librarii
306 3316 365 3378 quo
387 3298 573 3378 peccaverint
594 3315 673 3359 unus
705 3304 821 3359 tantum
856 3297 945 3358 modo
978 3298 1060 3358 loeus
1091 3303 1151 3369 est3
1184 3298 1306 3378 scripsit

158 3397 237 3458 enim
260 3405 346 3476 poeta
370 3397 406 3458 de
428 3396 515 3458 turba
538 3415 639 3457 vocem
656 3394 795 3457 blandam
819 3404 963 3476 sequente
978 3415 1004 3456 v.
1022 3393 1083 3456 279
1097 3396 1171 3456 haee
1184 3397 1304 3475 potius:

257 3507 367 3569 Blanda
391 3526 461 3570 voce
484 3526 595 3590 sequax
617 3509 738 3587 regione
759 3507 909 3569 insederat
932 3506 1064 3587 Orpbei3

156 3623 301 3698 repiooem
328 3621 452 3683 codices.
497 3621 652 3682 Summam
676 3625 774 3680 autem
799 3618 1021 3699 aspretudinem
1045 3617 1178 3679 versibus
1193 3614 1255 3678 248
1273 3624 1304 3678 et
1364 3680 1367 3686 ,

157 3716 218 3777 245
242 3717 354 3779 addidit
368 3719 515 3798 llauptius
538 3718 672 3799 quamvis
694 3717 725 3778 in
748 3718 840 3778 altero
863 3717 953 3778 statui
975 3723 1077 3795 posset
1098 3715 1177 3776 vocis
1199 3733 1304 3794 supero

156 3815 360 3895 pronuntiatio
384 3817 563 3898 eorrepti0r3
587 3816 661 3878 nihil
683 3816 763 3876 enim
786 3835 803 3876 a
826 3815 876 3876 tali
897 3815 1034 3876 violentia
1058 3814 1149 3893 magis
1173 3814 1302 3875 alienum

157 3933 244 3993 quam
269 3923 298 3976 et
324 3926 425 3976 sextus
449 3933 501 3995 pes
531 3913 695 3976 hexametri
724 3923 753 3975 et
782 3914 913 3993 quintus.
959 3913 990 3973 Si
1018 3913 1068 3974 tali
1097 3921 1202 3993 poetae
1228 3911 1303 3992 quid

156 4013 327 4075 conveniret
349 4014 440 4094 magis
457 4023 589 4075 curasset
612 4013 685 4074 inv.
702 4010 764 4074 248
789 4012 838 4073 ubi
860 4031 947 4092 super
968 4012 1036 4073 libri
1058 4011 1164 4073 vitiose
1181 4019 1304 4071 servant

156 4112 309 4174 edidisset:

256 4213 352 4290 Atque
374 4210 443 4273 alias
467 4210 523 4271 alio
547 4210 653 4271 densas
676 4229 786 4290 sequor
808 4210 924 4288 agmine
946 4217 1068 4270 turmas.

155 4326 236 4397 Quae
260 4325 358 4387 omnia
383 4326 408 4387 si
429 4334 511 4387 reete
533 4334 564 4387 et
585 4325 732 4406 disputata
756 4334 784 4387 et
806 4325 935 4388 iudicata
958 4334 1040 4399 sunt,
1064 4343 1099 4386 eo
1122 4324 1219 4385 aerius
1241 4324 1301 4386 iam

155 4424 305 4504 eripienda
327 4425 507 4488 Danaidibus
530 4435 560 4487 et
581 4424 715 4487 elidenda
737 4425 900 4504 Hauptiana
928 4425 976 4485 illa
998 4425 1085 4487 situla
1108 4423 1165 4484 erlt
1186 4440 1212 4482 v.
1237 4421 1300 4485 241
