2924 5018
618 270 840 336 ..75-

156 464 225 511 nam
256 446 412 520 είςοοδείυ
436 446 558 509 verbum
581 454 616 509 ut
634 456 679 510 est
700 446 884 510 rarissimum
906 446 945 510 ita
967 447 1011 507 rei
1037 446 1125 508 unice
1148 445 1299 521 convenit3

155 548 302 610 absonum
333 553 435 607 contra
464 542 602 616 ἐξέωσεν
627 553 696 609 ante
725 547 918 628 προςέχεταο
948 545 1078 625 positum
1107 543 1194 605 foret.
1239 544 1298 605 Sed

155 645 239 726 plura
255 643 496 724 consequunturt
518 644 607 705 etiam
629 639 745 707 τόπτου
761 645 838 725 apud
853 645 1044 707 Plutarchum
1060 643 1299 705 incommodum:

155 744 299 823 scriplum
314 742 424 804 fuerat:
452 739 509 802 καὶ
523 738 640 803 κόπτει
656 740 835 807 κοιλαίνων
849 739 1030 824 reddamur:
1056 743 1212 804 suboriatur
1225 742 1298 805 sidia

156 841 234 914 Quid
255 858 326 902 vero
346 841 383 901 de
402 838 669 902 antecedentibus?
695 842 730 902 ad
757 841 938 924 συρομένην
963 840 1080 901 trahere
1105 837 1164 922 την
1189 833 1300 902 παυό-

155 959 238 1021 νραν
259 940 386 1002 Hercule
406 938 514 1018 dignus
534 938 631 1012 labor3
658 946 746 1019 atque
771 940 860 1002 etiam
880 937 1029 1020 διίστησι
1052 938 1123 1000 illud
1146 956 1213 1000 cum
1233 956 1299 999 rem

155 1039 182 1100 si
208 1046 324 1118 spectas
349 1071 391 1080 —
418 1036 568 1115 quomodo
596 1037 675 1098 enim
702 1037 793 1118 pis'ois
818 1044 910 1099 totam
937 1054 1056 1098 nussam
1082 1037 1183 1116 potius
1209 1055 1299 1116 quam

155 1156 246 1199 unam
267 1137 413 1199 maculam
440 1152 543 1196 nassae
569 1133 754 1197 dimovebit?
769 1171 811 1180 —
831 1142 895 1199 tum
916 1154 986 1198 vero
1014 1135 1101 1197 verba
1123 1135 1206 1196 latini
1228 1153 1299 1214 poe·

74 1283 78 1288 .
155 1234 252 1306 matis,
278 1234 454 1303 edenenas,
480 1251 542 1294 non
568 1233 603 1294 ad
629 1242 692 1296 rete
715 1235 841 1296 attinere
867 1233 992 1314 putabis.
1032 1233 1166 1314 Denique
1189 1233 1300 1295 mentio

155 1334 201 1395 vel
226 1333 337 1394 caudae
363 1332 549 1394 desideratur
575 1330 620 1392 vel
645 1330 816 1411 pinnarum.
854 1333 1020 1395 Ostenderc
1041 1351 1089 1393 me
1109 1350 1213 1393 verum
1239 1350 1300 1393 non

155 1432 304 1511 spondeo;
337 1430 383 1491 ria
413 1429 529 1491 conlido
558 1430 704 1491 utendum
733 1430 784 1491 tali
814 1449 892 1492 esse:
924 1431 1209 1513 πτερυσσομένην
1238 1426 1300 1511 γὰρ

156 1523 278 1600 tuobe
303 1525 370 1610 την
396 1523 527 1610 ἄμμον
550 1529 609 1608 βίᾳ
630 1525 790 1610 διίστησι,
814 1529 972 1609 inquibus
994 1525 1094 1600 ἁλοὺς
1114 1527 1193 1589 idem
1211 1535 1300 1606 atque

155 1629 271 1691 clausus
294 1636 363 1689 rete.
408 1626 466 1687 Sed
493 1625 610 1687 salubre
636 1625 726 1688 etiam
751 1627 783 1687 in
809 1635 896 1706 poeta
921 1628 1012 1690 latino
1038 1627 1231 1707 impedimur:
1261 1644 1300 1686 an

156 1726 237 1789 euim
263 1725 362 1787 saltu
389 1724 478 1804 piscis
499 1742 600 1785 revera
624 1724 709 1785 dolos
731 1723 869 1786 deludit?
900 1727 958 1788 Sed
980 1727 1044 1805 ipse
1062 1724 1138 1786 iacet
1158 1723 1300 1785 immotus

155 1826 219 1886 fere
238 1841 336 1905 neque
357 1822 415 1884 nisi
434 1841 540 1884 nassae
561 1829 644 1884 motu
668 1822 783 1884 emicat.
828 1823 931 1904 Neque
957 1824 1069 1886 Plinius
1095 1823 1172 1885 cultu
1196 1822 1300 1902 legisse

156 1923 295 1984 credetur
323 1921 374 2002 qui
403 1922 443 1983 ita
472 1939 536 1983 rem
565 1921 688 1983 referat:
725 1921 824 2002 lupum
852 1933 911 1984 rete
940 1923 1149 1985 drcumdotum
1177 1921 1301 1982 loreum

156 2039 243 2085 oraro
266 2020 359 2090 cuudc
381 2029 464 2100 utque
485 2023 527 2080 do
550 2019 635 2082 condi
654 2020 722 2082 dum
738 2025 871 2094 ⁴trauseat
891 2032 959 2082 rete.
1003 2022 1106 2102 ltaque
1126 2020 1198 2081 baec
1223 2020 1299 2081 stul-

157 2120 346 2200 titiapoetae
370 2117 516 2179 nonfuit.
560 2117 649 2178 Multa
672 2119 864 2192 correximus
892 2119 1057 2199 corrigatur
1083 2118 1139 2180 hoc
1165 2135 1298 2198 quoque:

559 2225 612 2287 ubi
631 2235 695 2289 rete
714 2229 827 2291 levatur
846 2230 877 2290 in
898 2247 992 2301 auras,

258 2325 373 2387 Emicat
397 2332 487 2406 atque
513 2324 618 2386 dolos
644 2334 728 2388 astu
754 2327 865 2388 deludit
889 2327 1010 2389 inultus.

158 2442 239 2502 ldem
270 2449 369 2502 tamen
399 2441 467 2520 quia
497 2440 534 2500 ad
564 2441 676 2502 dimotis
698 2446 792 2504 orcue's
818 2444 967 2522 adponere
992 2446 1087 2523 pierres
1116 2441 1300 2522 desperabat,

159 2556 220 2600 non
246 2539 321 2600 bene
347 2539 470 2601 caudam
502 2554 570 2599 cnm
600 2537 700 2616 pinnis
731 2541 941 2603 commutavit:
972 2559 1071 2621 neque
1100 2541 1178 2602 enim
1210 2539 1300 2601 cauda

158 2639 275 2700 efficere
295 2637 383 2718 piscis
402 2642 501 2717 potest
520 2627 650 2719 βόθρον
668 2633 749 2701 ὅσον
768 2635 935 2714 δέξασθαι
956 2634 1012 2701 ἑόν
1027 2635 1137 2720 δέμας.
1168 2638 1226 2699 Sed
1248 2656 1301 2699 cur

157 2753 219 2796 non
241 2735 381 2798 malebat:
405 2733 522 2796 Dimota
545 2734 645 2816 pinnis
671 2734 782 2799 arena?

242 2834 284 2895 lle
305 2835 413 2914 polypo
436 2832 558 2896 Ovidius
573 2843 600 2896 v.
616 2835 654 2896 31
670 2853 749 2917 sqq.:

257 2944 295 3007 At
316 2953 418 3007 contra
441 2946 602 3026 scopulis
625 2947 726 3010 crinali
749 2965 872 3028 corpore
895 2947 993 3027 segnis
1030 2958 1032 2963 '

258 3043 413 3124 Polypus
436 3043 560 3121 haeret
584 3053 613 3107 et
638 3045 692 3118 hac
714 3042 806 3109 eludit
828 3047 902 3109 retia
923 3047 1040 3108 fraude:

257 3142 295 3204 Et
317 3143 373 3204 sub
395 3143 473 3222 lege
494 3145 565 3205 loci
586 3145 696 3207 sumit
713 3139 907 3226 'mutatque
933 3147 1093 3208 colorem

232 3236 234 3241 ’
258 3241 383 3321 Semper
405 3242 436 3303 el
460 3242 592 3305 similis
621 3258 723 3326 quem
747 3243 912 3324 contigit.

85 3351 87 3354 ’
156 3353 231 3415 llem
255 3352 407 3433 Oppianus
430 3353 461 3415 in
484 3356 616 3418 secundo
639 3345 714 3417 libro
729 3375 757 3416 v.
774 3353 850 3416 233:
906 3356 921 3412 t

258 3461 501 3548 (πουλύποδες)
523 3469 559 3528 ol
573 3467 763 3558 πέτρῃσιν
783 3460 938 3548 όμοίϊοο
961 3438 1216 3530 ίνδοίλλονται

255 3561 323 3645 την
345 3586 385 3625 κε
405 3562 699 3640 ποτιπτόξωσο,
726 3563 805 3647 περὶ
826 3566 965 3647 σπείρης
984 3585 1019 3626 τε
1038 3562 1221 3645 palemon

156 3675 194 3737 cf.
214 3675 285 3766 ibid.
309 3697 336 3738 v.
352 3676 428 3752 297:
666 3664 669 3668 “

458 3788 489 3850 τί
507 3787 569 3874 γὰρ
589 3784 646 3852 καὶ
666 3784 863 3872 ἀλευάμενος
882 3789 973 3873 περὶ
1000 3793 1142 3875 πέτρην
1174 3781 1176 3786 ’

256 3882 448 3968 πλέξητατ
467 3884 609 3971 χροιήν
634 3910 674 3950 τε
699 3881 935 3951 πανείτελον
959 3880 1217 3973 οἷμφοέσηταο.

155 3998 193 4058 At
219 3988 667 4081 Plutarcbu·s'p.9781lsqq.:
697 3999 762 4063 τῶν
791 3998 829 4062 δὲ
857 3997 1060 4064 πολυπόδων
1088 4001 1154 4083 τῆς
1183 3997 1300 4083 χρόας

155 4093 223 4177 τὴν
237 4092 407 4178 ἄμειψον
422 4092 441 4158 ὅ
455 4116 491 4159 τε
507 4096 695 4180 Πίνδαρος.
709 4134 717 4159 e
731 4143 739 4160 .
759 4097 815 4159 καὶ
833 4099 971 4175 Θέογνις
991 4096 1129 4180 δμοίως·
1150 4096 1300 4162 could«

155 4191 280 4266 ποδος
294 4186 374 4257 νόον
389 4195 462 4272 ἴσχε
476 4192 664 4277 πολυχρόου
680 4190 715 4269 ὃς
730 4193 824 4257 ποτὶ
840 4197 959 4280 πέτρη
974 4196 1019 4285 τῇ
1035 4217 1109 4278 περ
1130 4188 1300 4279 ὁμολήση

154 4300 263 4364 τοῖος
291 4289 393 4355 ἰδεῖν
419 4285 556 4376 έφόνή.
608 4284 667 4355 cod
704 4291 742 4354 δέ
774 4290 968 4368 πολύποδος
1004 4283 1097 4376 ἔργον
1133 4290 1225 4358 ἐστίν
1262 4282 1300 4358 οὗ

155 4385 271 4463 πόθος
296 4378 319 4472 ἦ
346 4388 525 4476 μεταβολή·
552 4389 753 4474 μεταβάλλει
779 4391 841 4475 γὰρ
868 4390 903 4454 ἐκ
931 4395 1092 4475 προνοίας
1107 4413 1169 4474 cqs.
