2924 5018
614 277 837 342 ..69-

158 469 279 514 sensum
301 459 403 531 aptum
424 451 523 514 habet.
558 454 661 534 Neque
680 472 813 534 unquam
835 453 922 516 uobis
944 453 1108 516 scientibus
1129 455 1192 535 ipsa
1208 456 1299 517 Diana

158 551 273 613 vatibus
300 551 463 632 quidquam
490 551 620 628 dicebat3
649 552 750 633 itaque
774 556 859 632 scota
884 553 1034 615 vocativus
1061 571 1124 617 nou
1146 573 1212 618 esse
1238 574 1301 616 uon

157 658 258 731 potest
278 649 394 730 fuitque
417 651 602 712 conformata
626 651 775 715 sententia
796 652 835 724 ita
848 655 937 728 fore:

257 806 310 867 bio
332 822 385 883 age
404 806 501 868 Pierio
522 807 579 886 (fas
600 815 653 882 est,
676 803 803 882 llia'uaft
827 806 966 870 ministro

257 903 425 976 Arcadium,
448 922 530 967 sacra
552 907 640 980 fama,
663 904 776 978 senem,
799 924 888 986 quem
904 926 964 986 eqs.

157 1076 273 1155 Quippe
298 1073 412 1136 veniam
437 1083 560 1137 venator
585 1095 601 1136 a
624 1075 715 1139 Diana
738 1094 791 1139 sua
811 1076 893 1159 petit,
920 1077 999 1157 quod
1023 1095 1086 1140 uon
1107 1076 1225 1151 Dianae,
1248 1078 1302 1141 sed

156 1174 307 1237 Pieridum
327 1192 360 1235 se
375 1171 545 1251 ministrum
560 1174 646 1236 dicat.
677 1175 756 1250 Quid
771 1193 842 1239 vero
856 1175 1054 1256 dellercylo?
1081 1177 1224 1253 Graecum
1245 1178 1302 1240 hoc

158 1290 270 1334 nomen
286 1280 426 1345 estsere,
451 1281 481 1336 et
497 1272 616 1353 quidem
632 1292 757 1352 prorsus
778 1275 904 1337 ridicule
915 1275 1137 1337 Werusdorfius
1152 1293 1302 1354 gramma·

157 1370 250 1432 ticum
279 1370 363 1432 illum
389 1369 534 1451 Dercylon
569 1370 727 1451 significari
757 1379 911 1453 putaverat
939 1373 1026 1436 cuius
1055 1374 1202 1437 memoria.
1225 1375 1302 1454 apud

156 1469 341 1532 Athenaeum
357 1468 609 1550 Plutarchumque
630 1476 685 1533 cst.
722 1470 767 1540 Tu
790 1479 843 1539 aut
863 1472 980 1535 duobus
1000 1471 1174 1535 nominibus
1188 1473 1302 1534 dictum

157 1568 244 1633 deum
272 1574 302 1641 et
321 1568 491 1638 Aristaeum
516 1575 545 1628 et
563 1568 717 1647 Dercvlum
739 1569 834 1635 fuisse
854 1578 906 1632 aut
931 1569 988 1632 loci
1014 1569 1176 1634 lectionem.
1196 1571 1301 1635 falsam

158 1685 224 1728 esse
248 1673 375 1737 statues;
405 1684 475 1726 nam
502 1665 591 1728 etiam
616 1666 742 1728 Nonnus
770 1668 888 1748 Dionys.
912 1670 934 1729 V
954 1668 1015 1731 221
1048 1668 1197 1730 venatoris
1226 1667 1302 1730 retia

157 1764 291 1827 Aristaeo
323 1763 441 1836 tribuit3
472 1763 612 1843 quodque
639 1765 665 1827 ei
691 1767 771 1844 apud
798 1765 873 1846 Opp.
899 1767 1006 1847 Cyneg.
1026 1767 1092 1829 114
1127 1767 1302 1846 Hippolytus

158 1862 337 1927 clarissimus
372 1861 550 1941 supponitur
579 1870 756 1934 venatorum
791 1863 820 1924 id
855 1864 975 1944 quidem
1011 1865 1100 1928 facile
1126 1864 1303 1945 explicabisa

157 1961 297 2040 Dercylus
326 1960 483 2023 abstrusus
513 1961 602 2022 heros
637 1980 706 2041 qua·
729 1962 792 2041 lege
822 1962 995 2042 suppositus
1033 1963 1071 2023 sit
1102 1962 1302 2025 dominaberis.

157 2060 219 2138 Ego
241 2065 352 2137 autom,
372 2066 407 2120 ut
426 2058 520 2120 dicam
537 2060 616 2139 quod
637 2060 743 2128 sentio,
764 2068 825 2122 tam
849 2061 951 2144 multis
973 2061 1142 2140 praemissis
1164 2061 1224 2123 iam
1240 2080 1302 2141 nou

157 2157 265 2223 adferri
291 2158 337 2219 dei
368 2176 479 2218 nomen
504 2157 538 2218 in
558 2177 584 2223 v·
608 2159 668 2228 103
682 2170 816 2238 'expecto
847 2167 898 2221 aut
927 2160 952 2222 si
983 2160 1133 2225 adferatur
1162 2161 1302 2239 grandius

158 2256 265 2318 adferri
287 2263 449 2335 pareutum
469 2256 641 2319 nominibus
662 2253 759 2337 (οἴμοι
781 2256 895 2339 σοφοῦ.
911 2258 1055 2337 Φοίβοιο
1075 2256 1132 2319 eat
1153 2249 1302 2321 etmate-

142 2374 236 2435 poto
269 2351 417 2435 Κυρήνης
446 2342 611 2415 NonuusV
633 2354 709 2433 216)
739 2356 783 2417 vel
812 2355 957 2425 similibus
985 2355 1101 2418 additis.
1151 2357 1238 2418 Nunc
1267 2377 1303 2418 eo

156 2472 245 2533 vergo
256 2452 461 2535 utconiciam:
480 2453 553 2528 „Per
563 2471 622 2515 non
633 2455 766 2535 adsuetas
776 2464 928 2519 nutantem
942 2457 1016 2517 retia
1029 2454 1123 2528 colles
1131 2454 1303 2526 Dorcasiu“‚

158 2552 252 2633 qualis
267 2535 417 2635 Ιθήρεσσι
441 2552 554 2614 dativus
574 2551 605 2611 in
626 2551 793 2630 fragmento
815 2571 920 2630 gracco
944 2563 1008 2628 est3
1038 2552 1149 2614 scilicet
1169 2553 1303 2614 vocabuli

158 2650 247 2710 huius
282 2649 412 2712 formam
450 2649 538 2711 etiam
578 2648 721 2732 rariorem
757 2644 837 2732 δόρξ
872 2657 995 2711 noverat
1032 2650 1150 2724 Gratius
1176 2670 1203 2724 v.
1232 2650 1303 2712 200.

157 2748 292 2828 bonique
326 2746 475 2811 Maenalus
516 2748 562 2810 cui
598 2748 733 2830 Amyclae,
773 2748 975 2827 adiunguntur
1016 2748 1079 2809 sive
1116 2767 1203 2817 mons
1243 2747 1304 2808 sive

158 2847 300 2926 oppidum
320 2853 378 2917 est,
402 2847 479 2911 male
495 2854 580 2931 certe
601 2854 652 2909 aut
673 2845 750 2913 altor.
776 2846 895 2910 additur
921 2854 974 2907 aut
999 2846 1077 2925 quod
1100 2845 1132 2906 iu
1152 2845 1302 2909 codicibus

158 2953 237 3008 extat
252 2954 361 3005 auctor.
398 2944 474 3016 Quid
490 2945 516 3005 si
531 2945 587 3007 hoc
609 2945 674 3007 loco
690 2944 831 3029 Arcadiae
850 2944 1013 3027 aucupium
1034 2940 1180 3016 florebat?
1211 2944 1305 3033 Scribi

156 3050 273 3124 poterat
293 3042 444 3105 Maenalus
467 3043 595 3123 auceps*
699 3049 701 3052 ’
738 3048 762 3055 ’“
868 3040 871 3047 ’
938 3034 943 3052 ²
1214 3036 1216 3040 ’

242 3141 295 3203 llis
311 3134 437 3220 peractis
449 3142 485 3202 ad
497 3141 729 3204 Halieuticorum
745 3148 860 3221 partem
875 3141 1007 3220 priorem
1021 3159 1076 3202 nos
1089 3132 1302 3223 convertamus

157 3264 233 3327 quae
258 3242 384 3323 piscium
411 3240 559 3303 sollertiae
585 3241 717 3320 exempla
744 3239 886 3301 continet
928 3230 990 3300 lam
1011 3239 1148 3331 barthius
1175 3240 1244 3300 olim
1272 3241 1304 3300 iu

156 3343 340 3406 Adversariis
370 3342 421 3403 ubi
452 3353 527 3421 quae
556 3340 593 3400 de
622 3355 706 3400 scaro
736 3338 877 3417 leguntur
900 3356 967 3399 eum
994 3337 1108 3399 Aeliani
1133 3337 1304 3398 narratione

157 3442 338 3522 comparavit
374 3440 492 3503 aliunde
528 3439 582 3500 ista
618 3436 809 3516 descripsisse
845 3444 965 3516 poetam
982 3435 1131 3497 'latinum'
1151 3435 1303 3497 intellexit.

156 3543 217 3623 Nos
242 3540 396 3603 Aelianum
422 3538 542 3618 quidem
569 3536 716 3599 mittimus
741 3535 852 3615 quippe
874 3535 925 3596 vcui
951 3533 1049 3607 adsint
1074 3534 1135 3615 ,qui-
1159 3534 1304 3614 praeferri

155 3640 286 3724 possint,
313 3640 365 3701 sed
386 3637 530 3718 Oppian
540 3637 573 3698 ci
588 3634 689 3715 potius
704 3631 844 3694 carminis
859 3639 948 3719 atquo
962 3631 1055 3706 libelli
1068 3631 1146 3697 illius
1162 3651 1252 3713 quem
1266 3632 1304 3713 de
1383 3632 1393 3641 ’

156 3739 290 3821 sollertia
307 3735 480 3814 animalium
506 3733 730 3810 Plutarchus
756 3732 924 3813 composuit
950 3739 1082 3795 exactam
1103 3749 1177 3803 cum,
1199 3730 1303 3815 Ouidio

156 3840 230 3902 falso
253 3835 504 3916 comparationem
526 3832 730 3896 instituamus.
990 3820 992 3824 ’
1097 3864 1099 3868 ⁴

242 3936 283 3997 lle
304 3936 375 4014 lupo
397 3933 506 4012 legitur
526 3932 559 3994 iu
582 3930 667 3992 Ovidi
682 3947 726 3990 vv.
742 3926 782 3989 39
798 3946 858 4007 sq:

602 4093 726 4174 Lupus
748 4095 809 4156 acri
832 4092 965 4154 concitus
987 4088 1074 4154 ira''³

257 4199 441 4261 Discursu
464 4195 584 4256 fertur
606 4193 711 4254 vario
727 4193 935 4272 fluctusque
956 4192 1090 4253 ferentes
1199 4204 1201 4209 ¹

256 4294 507 4375 Prosequitur
541 4301 757 4372 quassatque
780 4299 891 4371 caput
917 4292 1002 4353 dum
1022 4290 1178 4352 vulnere
1201 4309 1303 4354 saevus

257 4396 396 4457 Laxato
420 4392 526 4456 cadat
548 4391 677 4454 hamus
700 4399 731 4452 ot
753 4409 803 4453 ora
825 4390 956 4470 patentia
976 4388 1099 4468 linquat.
1164 4396 1166 4400 ‘
