2924 5018
622 305 845 373 ...73-

163 488 202 549 ita
233 487 344 547 referre
375 492 409 548 ut
442 483 618 546 cultellotom
643 488 756 564 spinam
787 485 895 546 habere
926 483 1057 547 anthiam
1088 484 1173 548 dicat.
1219 485 1309 548 Unde

163 587 238 648 hanc
268 582 393 647 vocem?
432 584 601 646 Memoriter
622 602 656 645 ea
688 584 782 664 repeti
812 603 848 645 cx
879 584 1011 645 eiusdem
1035 584 1099 644 Vlll
1115 583 1153 644 91
1188 583 1309 646 videtur

163 693 266 763 estque
299 683 329 743 id
361 683 446 761 quasi
471 682 579 762 pignus
604 689 684 744 recte
708 683 766 744 hoc
795 701 915 762 quoque
940 683 1006 743 loco
1036 681 1068 742 in
1094 681 1208 762 optimo
1243 700 1309 742 uno

161 782 353 844 Riocardiano
373 781 467 842 tradi:
491 781 712 859 (delphinorum
729 781 828 857 dorso)
851 781 998 845 cultellata
1018 783 1091 842 inest
1108 783 1191 859 spine
1212 778 1311 858 (velut

160 881 238 946 inira
263 880 366 942 etiam:
390 879 487 941 oleum
508 879 562 940 illc
582 889 680 941 secaret
696 881 800 958 ορίκο).

246 978 397 1058 Oppianus
427 977 462 1038 de
493 994 576 1039 scaro
604 976 788 1038 nobilissimo
818 976 898 1055 pisce
928 975 1049 1039 uberior
1075 983 1120 1039 est
1145 985 1310 1057 narratque

160 1075 290 1156 primum
313 1092 471 1137 commune
492 1074 583 1136 scaris
603 1074 702 1136 hami
729 1075 880 1154 effugium,
907 1075 1013 1137 deinde
1035 1076 1071 1137 ad
1090 1081 1153 1136 rete
1177 1075 1311 1149 transit3

159 1175 267 1236 latinus
282 1182 369 1254 poeta
384 1175 456 1235 haec
470 1174 593 1254 recepit,
614 1173 663 1236 illa
678 1173 787 1235 omisit.
824 1174 927 1253 ltaque
943 1173 1096 1254 Oppianus
1111 1173 1147 1233 lv
1165 1170 1207 1231 49
1218 1190 1310 1252 sqq.:

261 1267 345 1334 τότε
370 1269 432 1353 γὰρ
458 1269 495 1345 ἐς
521 1267 678 1356 κόρτοοο
704 1272 803 1354 πέσῃ
830 1268 946 1351 λόχον
971 1269 1085 1344 αἰόλος
1113 1263 1213 1349 ἰχθῦς

260 1364 366 1432 αὐτίκ’
389 1362 591 1453 ἕπεφροίσθη
617 1393 652 1432 τε
679 1368 734 1431 καὶ
761 1367 895 1433 ἐκδῦναι
921 1361 1098 1454 κακότητος

261 1467 431 1549 πειρᾶται,
457 1470 604 1552 τρέψας
627 1465 669 1529 δὲ
694 1459 798 1529 κοίτω
821 1465 966 1550 usualdo
986 1491 1022 1530 τε
1044 1469 1100 1531 καὶ
1124 1467 1204 1534 όσσε

261 1562 439 1646 ἔμπαλιν
461 1566 517 1638 είς
540 1560 655 1648 οὐρὴν
677 1563 872 1649 οίνανήχεται
897 1570 1006 1651 ἕρκος
1029 1564 1214 1651 ἀμείβων.

260 1666 403 1747 ταρβεῖ
424 1662 486 1748 γὰρ
508 1665 692 1743 σχοίνους
714 1659 893 1745 ταναηκέας
919 1669 957 1727 αἳ
982 1665 1130 1730 eatstan

260 1758 612 1845 ἀμφιπεριφρίσσοοσι
638 1760 693 1824 καὶ
721 1757 915 1847 οὖτάζοοσιν
938 1754 1108 1841 domnola

261 1856 400 1924 ἀντίον
423 1855 664 1943 ἐρχομένοιο.

162 1957 244 2030 Quae
266 1959 306 2020 ita
327 1958 419 2020 latine
441 1959 549 2039 scripta
572 1966 642 2020 sunt
657 1979 684 2020 v.
700 1958 815 2040 9sqq.:

463 2055 511 2117 Sic
533 2064 564 2118 et
585 2076 714 2120 scarus
736 2066 797 2120 arte
821 2055 876 2118 sub
899 2056 987 2119 undis

261 2154 292 2215 Si
315 2155 438 2231 nlassa
461 2164 563 2234 captus
587 2156 623 2217 de
645 2175 706 2236 spe,
728 2157 857 2236 piscator
880 2163 908 2216 et
930 2155 1014 2236 ipse‚]

259 2252 373 2314 Decidit
395 2253 587 2333 adsutamque
610 2257 677 2319 dolo
699 2256 819 2318 tandem
841 2263 929 2337 pavet
950 2274 1058 2329 escam,

261 2351 343 2411 Non
367 2351 481 2413 audet
502 2353 616 2414 radiis
640 2355 772 2418 obnixa
795 2372 991 2416 occurrere
1015 2354 1157 2425 fronte,

239 2451 424 2511 ‘dvorsus
449 2450 581 2513 crebro
604 2453 720 2514 vimen
742 2453 792 2513 sed
817 2451 939 2513 verbere
961 2451 1094 2513 caudae

259 2546 372 2611 Laxans
395 2550 638 2630 subsequitur
660 2558 819 2629 tutumque
842 2549 938 2611 evadit
959 2549 989 2610 in
1012 2567 1132 2630 aequor.

158 2646 261 2726 ltaque
294 2665 353 2709 κοκ
384 2649 468 2710 audet
500 2648 579 2710 idern
613 2649 692 2729 quod
726 2649 859 2730 ταρβεῖς
901 2656 1029 2724 σχοῖνοι
1058 2648 1150 2720 καότϊς
1186 2637 1308 2713 ἀντίον

160 2741 320 2827 ἔρχεσθαι
335 2749 442 2809 obulco
463 2766 612 2810 occurrere
630 2749 740 2827 fronte3
761 2747 886 2828 τρέψας
906 2743 944 2806 δὲ
964 2741 1050 2806 κάτω
1074 2763 1208 2818 αοονοαε;
1232 2764 1307 2810 cau-

161 2845 229 2906 dam
255 2864 374 2926 quoque
404 2853 550 2907 memorat
581 2845 750 2925 Oppianus,
785 2843 955 2908 verberibus
987 2845 1113 2907 omissis,
1153 2847 1248 2925 Igitur
1272 2848 1307 2910 in

159 2944 253 3022 capite
275 2944 441 3006 sententiae
461 2951 541 3005 recte
559 2943 650 3005 locari
673 2947 700 3005 se·
719 2961 823 3022 graeco
849 2944 983 3023 exemplo
1009 2944 1167 3024 probatur3
1196 2948 1305 3008 eodem

159 3042 387 3103 commendatur
406 3060 523 3104 naseam
547 3042 638 3105 latere
660 3041 715 3104 sub
730 3042 826 3105 littera
840 3061 871 3102 κ.
912 3042 1050 3103 Desidere
1076 3051 1174 3106 autem
1197 3063 1304 3109 scarus

159 3139 209 3219 qui
239 3147 354 3220 poterat
383 3141 414 3203 in
445 3138 554 3203 nassa?
590 3142 648 3202 Aut
677 3140 754 3202 male
783 3146 955 3220 corruptum
987 3140 1088 3203 decidit
1106 3148 1151 3204 est
1180 3151 1232 3204 aut
1260 3143 1304 3206 ita

158 3228 363 3318 accipiendum
393 3245 428 3300 ut
457 3257 512 3300 nos
542 3239 721 3319 accepimus3
762 3247 825 3301 tum
856 3256 924 3300 vero
955 3239 991 3301 de
1023 3238 1127 3301 lacuna
1157 3241 1303 3321 explenda
1341 3276 1343 3280 ι

158 3355 218 3399 non
242 3337 332 3400 nimis
354 3346 457 3401 contra
475 3357 525 3399 me
547 3338 739 3418 pugnabitur.
780 3325 989 3400 Duriusculum
1005 3355 1077 3399 sane
1099 3347 1161 3400 orte
1176 3339 1207 3400 in
1222 3358 1250 3400 v.
1267 3338 1302 3417 93

158 3443 259 3498 tamen
285 3437 389 3499 durius
416 3444 495 3499 esset
521 3435 619 3509 etiam,
648 3436 673 3498 si
695 3437 727 3498 in
747 3436 831 3496 v.10
860 3454 962 3498 possae
990 3436 1136 3498 scriberes
1161 3445 1195 3499 ut
1220 3445 1302 3501 esset

157 3535 357 3614 iungendum:
391 3537 436 3610 „si
461 3543 523 3598 arte
548 3554 652 3598 nassae
673 3539 809 3615 captus“;
840 3535 947 3615 duplex
974 3534 1116 3597 ablativus
1141 3537 1177 3598 ad
1205 3535 1301 3616 parti-

159 3633 270 3713 cipium
286 3652 348 3696 non
363 3635 447 3714 peius
462 3635 629 3714 ponebatur
644 3652 732 3712 quarn
747 3633 819 3695 illud
834 3644 937 3713 septem
952 3636 1050 3713 spatiis
1065 3635 1139 3696 circo
1154 3634 1226 3694 inv.
1246 3632 1302 3710 683

157 3750 205 3794 ars
235 3740 335 3794 autem
360 3733 433 3793 baec
461 3732 509 3792 illa
540 3741 585 3794 est
611 3732 642 3792 in
668 3750 725 3811 qua
751 3731 882 3794 laborent
908 3751 997 3794 suum
1023 3751 1056 3794 se
1080 3749 1192 3812 ponere
1211 3725 1327 3812 poeu'

158 3831 264 3891 clamat
278 3848 305 3889 v.
322 3829 371 3890 82.
409 3829 544 3909 Denique
570 3828 649 3906 quod
675 3829 708 3889 in
723 3847 749 3889 v.
768 3831 804 3890 11
834 3830 961 3893 traditur
987 3831 1151 3910 antiquitus
1177 3831 1302 3893 adsum-

152 3938 259 4008 ptoque
281 3927 355 3998 dolo,
380 3927 437 3990 nisi
463 3929 526 3990 dolo
552 3927 711 3990 adderetur
730 3927 881 3990 laudarem
902 3929 1097 4008 adsumptam
1126 3946 1192 3990 esca
1218 3927 1300 3991 enirn

156 4027 229 4088 baec
249 4043 311 4087 non
332 4025 410 4100 dolo,
436 4026 488 4089 sed
514 4025 629 4089 incuria
654 4025 836 4103 adsumitur3
862 4027 973 4090 accedit
993 4027 1072 4106 quod
1099 4025 1188 4088 etiam
1215 4043 1300 4089 scaro

155 4123 266 4185 femina
292 4143 347 4204 pro
374 4143 438 4186 esca
469 4125 632 4205 piscatores
662 4124 838 4189 utebantur:
864 4124 942 4189 banc
968 4126 1057 4187 etiam
1088 4123 1190 4185 minus
1211 4122 1300 4187 dolus

156 4222 326 4301 sumpserit.
371 4223 457 4299 Quod
481 4230 580 4286 autem
599 4223 751 4311 ingeniose
772 4224 975 4302 excogitarunt
1010 4223 1195 4303 edoctumque
1225 4220 1300 4296 delo,

156 4322 290 4383 laudasse
315 4338 364 4382 me
388 4321 461 4385 satis
481 4321 534 4398 sit;
557 4321 651 4385 tutius
673 4322 753 4385 enim
776 4321 839 4402 ipse
854 4322 927 4385 mihi
946 4322 1015 4385 iisse
1029 4327 1192 4409 praeeunte
1207 4318 1300 4383 Ulitio

155 4417 267 4480 videor.
