2924 5018
607 237 847 300 -184-

156 420 269 488 quaest.
293 411 361 472 lles.
383 430 411 491 p.
427 410 565 486 stultu
596 413 683 492 quale
711 413 788 493 quin
810 412 937 493 ffluum
963 431 1088 493 quoque
1116 414 1312 477 continuerit

155 509 277 572 nomina
299 510 494 572 dubitandum
517 523 654 573 nonest.

241 609 341 671 liabeo
363 620 463 671 antem
484 610 563 690 quod
587 629 686 691 neque
707 611 845 673 omittere
866 631 963 691 neque
983 620 1088 674 tamen
1109 612 1177 675 nisi
1202 611 1311 673 ultimo

155 710 220 770 loeo
242 729 354 789 ponere
376 710 536 783 vulnerim3
566 709 656 771 buca
675 711 708 771 in
728 709 805 771 Plini
832 710 963 790 catalogo
990 711 1103 790 legitur
1123 729 1244 772 nomen
1275 721 1310 773 ut

155 809 271 871 ridettu
303 827 458 887 graecum3
493 817 593 869 tamen
626 810 770 890 ireqnens
802 809 925 889 quidem
955 810 1036 889 apud
1068 809 1206 872 Graecos
1237 807 1311 891 βῶξ

156 909 255 988 piscis,
287 907 366 987 apud
394 906 506 968 Atticos
537 898 636 986 βόαξ,
669 909 739 969 loca
765 906 837 969 nihil
866 917 921 969 ast
965 909 1072 970 Veram
1101 909 1239 973 iormam
1268 930 1308 972 ne

154 1008 285 1068 Isidorus
315 1005 436 1085 quidem
468 1004 625 1084 ignorabat
652 1006 762 1086 quiin
790 1006 917 1086 piscium
942 1025 1071 1069 recensu
1091 1007 1188 1069 baec:
1220 1010 1308 1072 ducas

156 1107 254 1168 deust
273 1123 332 1166 crac
353 1104 436 1166 bona
455 1108 583 1166 norum
604 1108 687 1186 puori
706 1103 825 1178 boccum
845 1114 935 1186 atque
956 1107 1038 1186 quod
1059 1106 1175 1170 Paulus
1195 1107 1307 1171 lh'aco·

157 1224 213 1266 uns
234 1222 270 1264 ex
291 1203 380 1263 Festo
403 1203 563 1282 excerpsit:
598 1204 682 1265 bocas
700 1224 791 1285 penas
814 1209 899 1285 peis
919 1225 939 1266 a
959 1205 1070 1268 Mundo
1090 1205 1122 1267 id
1143 1219 1189 1270 cst
1208 1227 1308 1271 com

155 1302 306 1366 enittendo
335 1303 497 1383 appellatur
522 1322 560 1364 ne
582 1303 613 1363 id
633 1302 753 1382 quidem
775 1302 941 1365 Plinianam
962 1304 1108 1367 tutabitur
1127 1305 1303 1368 lectionem.

155 1401 254 1464 Possit
264 1402 345 1462 enim
356 1401 462 1480 aliquis
472 1400 616 1462 adsentiri
627 1400 662 1461 0.
674 1401 814 1462 lluellero
826 1402 862 1462 ad
872 1402 892 1462 l.
904 1400 981 1481 pao
992 1401 1119 1465 Paulum
1130 1423 1171 1465 ex
1181 1423 1306 1468 moun·

155 1503 215 1563 tiro
239 1519 350 1563 norum
372 1500 590 1561 nominativum
612 1500 746 1562 elicuisse
767 1501 915 1580 opinanti;
946 1508 1048 1563 tamen
1073 1500 1105 1562 id
1134 1520 1196 1582 pro
1218 1513 1305 1567 certo

155 1619 192 1660 ex
221 1599 411 1680 explicatione
443 1617 463 1658 u
495 1597 607 1660 boando
643 1598 853 1678 consequitur,
887 1599 1032 1678 cogitasse
1067 1601 1305 1679 grammaticum

154 1698 254 1778 potius
276 1698 403 1759 formam
425 1697 535 1767 beccus,
557 1696 596 1757 ita
620 1707 653 1757 ut
679 1707 711 1758 et
731 1696 834 1759 isidori
855 1696 943 1759 rerba
964 1697 1006 1759 ita
1029 1697 1140 1778 expleri
1165 1701 1303 1780 possint:

156 1795 587 1860 bomadieustcrscboces
629 1797 1305 1878 mmuquasttcamstocsdcet

155 1898 233 1977 apud
261 1895 385 1957 Paulum
413 1895 522 1955 lemma
543 1894 736 1974 probabiliter
756 1895 839 1957 bonos
860 1894 920 1974 (rel
941 1895 1032 1971 boum
1060 1895 1155 1959 nise
1185 1898 1304 1962 dicatur

155 2013 253 2074 neque
262 1995 322 2055 hm
333 1992 374 2053 ibi
386 1993 423 2054 de
434 1992 518 2053 locos
528 1992 709 2055 nominativo
720 1994 847 2074 amplius
857 1993 1051 2072 cogitandum
1060 1995 1110 2056 sit.
1127 1995 1166 2056 lit
1177 1997 1303 2079 quidem

155 2093 313 2171 singularis
346 2109 490 2153 numerus
517 2092 596 2171 apud
617 2091 742 2153 Paulum
769 2092 847 2153 solet
873 2092 946 2172 legi:
979 2112 1083 2174 sargus
1100 2098 1191 2175 ptan's
1209 2115 1302 2176 pum

157 2213 186 2273 p.
202 2190 282 2265 3233
309 2190 441 2272 pelamys
459 2209 550 2270 peaes
566 2193 654 2270 piscis
675 2209 704 2272 p.
720 2189 801 2265 2073
831 2210 909 2271 uprra
927 2211 1019 2272 penas
1037 2197 1152 2255 ara'niau
1166 2196 1304 2275 pisdmli

155 2311 185 2372 p.
207 2291 264 2364 223
285 2292 454 2371 mpeaser
471 2307 562 2368 percu
580 2293 665 2368 pr'scd
684 2309 714 2370 p.
732 2289 789 2361 22;
811 2301 895 2352 uate
913 2309 1004 2372 penus
1021 2296 1108 2372 pr'sca'a
1120 2312 1152 2374 p.
1168 2291 1245 2371 183,
1269 2302 1302 2357 ut

155 2389 1300 2472 nequisiortedoocuspcatrspiscr‘scboundo....uppellmatrcsrribare

154 2498 288 2550 conetur.
325 2487 517 2548 Accusatirus
536 2495 639 2548 autem
660 2488 753 2549 semel
773 2498 868 2549 exstat
880 2508 908 2568 p.
924 2487 963 2550 21
987 2494 1085 2552 carin
1095 2509 1187 2571 purus
1199 2494 1301 2573 μιῆς

154 2607 252 2668 neque
273 2586 354 2647 enim
376 2586 408 2646 in
429 2585 523 2647 Lucili
544 2604 630 2646 versu
651 2587 729 2666 apud
744 2587 905 2648 l'arronem
926 2587 958 2647 l.
972 2587 1007 2648 L
1023 2588 1072 2649 til
1087 2589 1129 2648 47
1148 2590 1186 2651 ad
1209 2608 1299 2672 qum

155 2708 171 2749 a
203 2686 344 2748 lluellero
379 2684 525 2746 mittimur
554 2683 641 2746 Sarute
675 2695 736 2747 rete
764 2695 847 2766 utque
878 2689 975 2747 carin
1007 2686 1213 2751 nominativus
1245 2689 1299 2751 luit

155 2791 252 2850 unios
274 2803 370 2865 neque
386 2804 455 2845 rero
476 2786 541 2864 ipso
558 2795 616 2846 rcte
628 2784 679 2846 illo
694 2784 895 2847 nominativus
909 2784 1114 2855 absconditur,
1128 2786 1183 2849 scd
1196 2787 1299 2866 legen·

155 2887 226 2947 dum
249 2894 351 2965 aperte
373 2894 434 2944 est:
460 2883 547 2944 Sume
569 2895 626 2945 cete
646 2895 730 2965 utque
751 2887 849 2945 murt
869 2882 989 2961 (unck
1017 2894 1064 2945 cst
1084 2884 1166 2945 cuim
1186 2903 1300 2949 unere

156 3004 209 3066 pro
226 2984 378 3064 capiendo,
399 2982 488 3044 modo
503 2982 541 3044 cf.
557 2981 634 3043 Enni
648 2983 821 3063 lledupbag.
837 3003 865 3043 r.
880 2983 917 3051 t;
936 2983 978 3043 ita
990 2990 1024 3045 ut
1037 2982 1076 3045 ab
1090 2982 1298 3049 bexameuicis

155 3083 249 3145 Lucili
262 3081 346 3142 libris
361 3090 492 3142 metrum
506 3081 563 3142 boc
577 3090 656 3143 recte
667 3080 875 3143 Lacbmannus
889 3080 1047 3143 excluserit
1059 3101 1086 3142 r.
1098 3080 1178 3158 8363
1191 3081 1299 3147 lucia-

155 3199 212 3243 nus
228 3189 328 3242 autem
342 3177 500 3241 lluellerus
519 3180 680 3260 sospitator
695 3199 782 3241 serus
797 3180 890 3242 Lucili
910 3197 1016 3241 uereor
1033 3187 1067 3241 ut
1081 3200 1151 3243 rere
1173 3181 1300 3245 ediderit

154 3292 392 3360 cruentaeque
419 3282 519 3341 onim
544 3279 595 3358 (ir.
616 3279 722 3342 ineert.
738 3279 839 3355 XXV).
882 3279 945 3341 lam
973 3279 1006 3341 in
1033 3280 1201 3360 catalogum
1221 3280 1298 3345 Plini

155 3381 238 3442 bueus
257 3380 379 3459 quidem
401 3378 473 3439 illud
494 3397 585 3439 nemo
606 3397 696 3440 sanus
718 3379 841 3447 inferet;
867 3378 983 3440 'rectius
1004 3378 1081 3441 buu
1106 3379 1148 3442 ibi
1177 3400 1297 3463 quoquc

155 3478 346 3540 scribendum
366 3477 452 3540 ieret
494 3477 556 3557 Ego
586 3487 638 3538 aut
667 3478 794 3538 formam
815 3477 990 3540 femininam
1012 3477 1082 3539 loca
1101 3488 1222 3559 praeter
1242 3481 1298 3544 lou

155 3577 288 3657 quamns
309 3577 473 3638 inauditam
494 3577 642 3638 exstitisse
663 3576 818 3638 statuerim
840 3577 918 3639 sicut
938 3584 969 3637 et
987 3570 1092 3652 γλαῦξ
1119 3585 1150 3639 et
1169 3576 1297 3654 γλαῦκα

156 3676 306 3737 dicebatur
327 3676 386 3751 (cui
407 3676 570 3737 sententiae
591 3692 654 3736 non
676 3675 865 3737 mediocriter
884 3675 1010 3737 fortasse
1031 3674 1121 3755 piscis
1147 3675 1199 3739 ille
1219 3677 1297 3741 iarct

143 3777 207 3857 'qui
229 3776 307 3855 apud
328 3775 533 3854 Francogallos
555 3775 721 3836 seeundum
743 3775 950 3838 Rundeletium
979 3775 1062 3838 audit
1084 3776 1188 3856 doque,
1217 3778 1297 3858 apud

157 3875 245 3936 ltalos
267 3874 351 3953 douc)
371 3884 424 3935 aut
437 3875 562 3952 catalogi
583 3874 666 3935 latini
685 3882 835 3936 auctorem
850 3873 940 3934 nimis
955 3892 1130 3955 properasse
1144 3875 1298 3956 oculisque

155 3973 304 4037 infelicius
325 3992 440 4035 errasse
461 3973 627 4049 statuerim,
648 3973 745 4034 iuerat
768 3992 876 4054 nempe
892 3973 924 4034 in
938 3973 1033 4035 lexico
1048 3973 1120 4037 olim
1135 3974 1298 4037 vetustiora

157 4073 186 4133 id
207 4072 285 4151 quod
307 4071 471 4150 Hesychius
492 4071 624 4133 exbibet:
651 4072 772 4150 βῶκα·
802 4066 938 4133 θύννον.

242 4174 339 4249 Atque
372 4171 445 4231 baec
476 4170 515 4230 de
548 4170 674 4249 piscium
699 4170 830 4249 catalogo
856 4169 1001 4233 Pliniana.
1051 4170 1149 4243 Quem
1175 4170 1297 4252 siquis

156 4269 269 4328 cautior
296 4268 388 4328 nibilo
418 4267 511 4328 setius
537 4267 708 4330 conlectum
729 4268 828 4330 dicere
849 4287 865 4328 a
886 4267 983 4330 Plinio
1003 4268 1070 4349 ipso
1091 4269 1241 4350 praeferet
1253 4305 1299 4315 —

156 4384 254 4447 neque
287 4367 368 4430 enim
400 4367 513 4431 alienus
545 4384 618 4429 sane
649 4368 698 4430 ille
724 4388 741 4431 a
769 4368 960 4448 grammatica
991 4386 1094 4432 remm
1120 4369 1298 4455 tractatione
