2924 5018
615 308 837 372 ..36-

240 485 351 546 Notum
385 492 431 545 est
464 483 545 545 verbi
575 501 693 563 poscere
724 483 838 543 formas
871 482 999 562 passivas
1026 499 1181 561 nunquam
1209 480 1298 542 adid

156 583 294 663 adplicari
322 584 400 663 quod
421 591 508 662 pastu
530 593 738 659 consumatur,
767 582 819 642 sed
849 582 884 642 ad
909 599 977 642 eum
1001 588 1115 641 tantum
1138 580 1188 660 qui
1211 588 1300 658 pastu

154 681 279 745 fruatur.
314 682 396 743 Idem
412 682 490 743 valet
504 682 540 742 de
561 700 632 742 voce
655 684 792 760 impostos
807 699 882 758 quae
899 687 945 740 est
959 679 1065 758 Vergili
1082 683 1153 740 Aen.
1171 675 1298 747 111337,

155 781 237 842 velut
251 790 403 860 perpustus
424 779 549 841 Phaedr.
572 779 611 840 lll
634 781 663 853 7,
686 779 714 839 2.
762 779 847 840 Aliud
881 797 1004 857 prorsus
1039 778 1156 856 deposco
1181 784 1228 837 est
1253 775 1301 835 vel

157 880 293 960 depascor
315 879 399 940 cuius
422 879 571 940 obiectum
596 897 661 939 csse
684 896 745 939 non
768 885 867 957 potest
889 879 946 939 nisi
969 878 1060 939 cibus.
1106 875 1205 937 Semel
1228 873 1300 935 Ovi-

156 978 222 1040 dius
245 979 417 1039 adulescens
439 994 546 1038 canere
569 995 657 1038 ausus
680 986 724 1038 est
745 977 843 1038 Amor.
861 977 945 1052 1115,
964 978 1002 1037 17
1026 977 1062 1038 tle
1083 982 1182 1036 tauro:

256 1088 332 1150 Dum
356 1089 432 1150 iacet
455 1096 484 1149 ct
506 1091 586 1150 lente
608 1096 757 1150 revocatas
779 1091 911 1151 ruminat
935 1090 1041 1151 herbas

189 1243 192 1246 a
301 1189 399 1268 Atque
421 1187 530 1248 iterum
553 1195 637 1266 pasto
659 1187 792 1267 pascitur
814 1195 881 1250 ante
904 1188 979 1259 cibo,

157 1312 208 1376 ubi
224 1312 312 1376 scribi
328 1311 468 1374 debebat:
492 1322 573 1392 utque
596 1313 655 1373 cibo
671 1312 802 1393 (eodem)
826 1322 891 1374 onte
910 1323 1010 1393 postus
1030 1315 1133 1373 lterum
1154 1309 1301 1390 poscitum

158 1412 199 1474 ita
222 1418 256 1473 ut
277 1419 457 1493 pervenuste
479 1409 624 1490 participii
653 1429 754 1471 casum
784 1412 866 1491 quasi
890 1411 1044 1472 deflexisse
1066 1421 1182 1490 poetam
1207 1424 1302 1486 appa-

158 1519 238 1573 reret
270 1530 334 1572 eam
369 1527 458 1569 unam
491 1507 529 1569 ob
562 1527 681 1570 causam
715 1516 748 1569 ut
781 1518 809 1569 et
842 1509 908 1571 soni
941 1518 969 1571 et
992 1508 1148 1569 verborum
1172 1505 1302 1567 debitam

159 1609 397 1690 aequabilitatem
420 1606 657 1681 nancisceretur3
686 1607 775 1686 idque
803 1615 953 1686 praeterea
986 1613 1143 1669 excusatur
1172 1623 1229 1666 usu
1251 1602 1303 1664 illo

158 1709 275 1788 poetico
294 1727 366 1788 xquo,
388 1704 525 1766 dicebant
558 1707 695 1784 querulus
726 1704 878 1767 uolucrum
909 1706 995 1767 nidus
1027 1725 1081 1785 pro
1115 1703 1303 1784 querulorum

157 1807 309 1869 volucrum
324 1806 408 1866 nidus
424 1802 590 1882 (Medicam.
608 1802 661 1883 77)
684 1803 799 1864 similia.
833 1804 894 1866 lam
918 1804 1150 1865 Halieuticorum
1173 1801 1304 1880 scriptor

160 1906 196 1968 de
217 1905 387 1966 ruminante
402 1901 484 1982 pisce
512 1901 644 1962 dicturus
660 1921 686 1961 v.
705 1900 765 1961 119
789 1903 884 1963 lacere
907 1920 968 1964 nou
990 1910 1107 1981 poterat
1129 1900 1202 1979 quin
1217 1897 1304 1959 Ovidi

159 2004 205 2065 sui
225 2002 323 2063 locum
348 2001 514 2061 consuleret
536 2018 628 2061 unum
652 2019 710 2079 quo
733 1999 796 2079 ipsa
819 2001 988 2074 ruminatio,
1011 2019 1058 2060 res
1082 1999 1216 2066 minime,
1231 2014 1304 2057 oan-

159 2099 265 2174 tabilis‚
291 2105 512 2161 memoraretur.
551 2097 626 2159 Ecce
647 2117 749 2159 versus
773 2099 917 2161 conflatus
939 2099 1001 2159 hic:

350 2226 389 2286 Ut
412 2242 511 2285 scarus
535 2230 651 2302 epastas
674 2225 755 2284 solus
779 2225 829 2304 qui
851 2224 982 2286 ruminat
1004 2241 1101 2295 escas3

160 2351 261 2431 itaque
283 2367 345 2410 non
360 2348 450 2409 modo
467 2349 629 2427 assumpsit
651 2348 699 2408 ille
714 2348 799 2409 Ovidi
823 2360 887 2410 onte
908 2359 1007 2429 postus
1028 2348 1081 2408 scd
1105 2348 1304 2427 compositum

158 2450 282 2511 verbum
305 2447 375 2509 inde
408 2446 546 2507 formavit
574 2446 752 2518 inauditum,
787 2467 903 2508 memor
936 2447 999 2508 sine
1033 2445 1305 2525 dubio-participii

159 2558 265 2628 epotus,
288 2547 339 2608 sed
363 2552 397 2606 ut
418 2551 498 2622 grata
521 2544 569 2605 illa
585 2544 704 2605 audacia
729 2553 758 2605 et
774 2563 841 2606 vere
862 2545 976 2625 poetica
991 2552 1105 2607 temere
1121 2544 1303 2607 abuteretur.

160 2646 261 2725 Neque
284 2644 375 2721 igitur
401 2650 501 2722 parata
535 2642 603 2703 inde
638 2642 787 2703 excusatio
821 2653 866 2704 est
898 2643 977 2724 quod
1002 2642 1122 2706 Ovidius
1157 2642 1305 2704 emodulor

93 2741 95 2745 ’
159 2744 308 2815 emodoror
331 2741 437 2803 similia
460 2738 546 2801 verba
570 2759 675 2800 sensus
699 2740 843 2820 aptissimi
864 2743 979 2820 primus
1002 2743 1180 2804 formaverit.

245 2840 352 2902 Adsint
373 2838 458 2918 plura
481 2838 517 2898 ab
541 2837 645 2900 Ovidio
670 2839 772 2899 aliena.
818 2841 945 2901 Verbum
968 2843 1119 2904 dissolvere
1142 2842 1226 2910 adest
1242 2840 1302 2902 Hal.

158 2959 186 3000 r.
203 2938 254 3011 37,
277 2937 354 3017 apud
379 2935 517 2997 Ovidium
540 2953 601 2995 non
628 2936 686 2996 nisi
719 2938 835 3008 solvere,
868 2947 957 3017 atque
991 2941 1042 3019 qui
1074 2941 1130 3001 scit
1161 2938 1305 3019 loquendi

159 3056 215 3100 usu
240 3034 390 3116 quomodo
413 3033 484 3094 illud
501 3031 536 3092 ab
561 3033 617 3093 boc
632 3033 748 3102 differre
763 3036 865 3106 soleat,
890 3037 970 3098 casui
992 3038 1202 3099 abstinentiam
1220 3035 1304 3097 Ovidi

159 3152 220 3196 non
254 3132 374 3194 tribuet.
429 3131 528 3192 Obtriti
558 3129 640 3208 (Hal.
660 3129 717 3205 12)
752 3132 871 3212 scripsit
900 3136 1053 3214 Vergilius,
1087 3136 1209 3197 Ovidius
1242 3152 1303 3195 non

159 3231 280 3311 scripsit
296 3247 477 3308 quamquam
494 3228 608 3289 occasio
624 3228 773 3290 scribendi
796 3232 937 3294 nimirum
953 3235 1020 3313 plus
1042 3254 1100 3297 una
1123 3243 1201 3309 erat3
1223 3234 1303 3295 idem

160 3331 236 3391 valet
257 3330 295 3391 de
318 3329 427 3389 couniti
453 3326 585 3400 (indubia
614 3327 693 3389 enim
726 3329 800 3390 baec
828 3333 970 3393 correctio
994 3342 1038 3395 est
1060 3334 1092 3394 in
1115 3333 1177 3394 llal.
1196 3353 1220 3393 v.
1238 3329 1302 3412 28),

157 3428 237 3490 idem
260 3427 336 3489 valet
363 3426 399 3486 de
425 3427 598 3503 increpitare
621 3423 697 3504 (Hal.
715 3425 778 3502 80),
810 3430 889 3508 quod
912 3438 944 3492 ut
970 3432 1140 3511 Propertius
1161 3432 1192 3491 in
1216 3448 1303 3509 aper·

160 3527 274 3587 tissimo
297 3525 361 3586 loco
385 3521 537 3584 collocavit
558 3522 597 3583 lll
613 3521 663 3593 26,
683 3524 730 3597 15,
765 3525 913 3604 dipodiam
948 3530 1109 3591 hexametri
1144 3529 1208 3589 dico
1233 3528 1304 3589 ulti·

159 3642 250 3696 mam,
283 3623 323 3684 ita
358 3620 475 3682 evitavit
497 3621 574 3682 Naso
607 3640 725 3700 semper
746 3623 879 3686 scribens
900 3630 1058 3708 increpare.
1102 3628 1176 3689 ltcm
1199 3629 1306 3688 rimari

159 3720 237 3802 (Hal.
257 3723 310 3798 77)
333 3718 440 3797 Vergili
463 3726 522 3790 est,
547 3737 608 3778 non
630 3718 720 3782 Ovidi.
771 3722 920 3786 Venditore
943 3727 1016 3801 (Hal.
1034 3726 1088 3803 70)
1110 3744 1207 3806 neque
1230 3726 1302 3786 Ver·

157 3819 245 3898 gilius
278 3837 411 3900 unquam
445 3839 544 3900 neque
567 3821 701 3883 Tibullus
724 3823 932 3902 Propertiusve
963 3843 1060 3904 neque
1094 3825 1159 3904 ipse
1174 3824 1302 3885 ¹Ovidius

159 3917 217 3980 sibi
240 3919 397 3980 concessit.
442 3919 560 4000 Perpcre
584 3920 660 3995 (Hal.
678 3920 731 4000 83)
753 3941 807 4001 pro
829 3922 925 4004 aliquo
950 3942 978 3984 se
1008 3925 1141 4003 conferre
1171 3923 1303 4003 positum

157 4016 193 4078 in
215 4017 319 4078 Ouidio
341 4036 403 4079 non
426 4018 494 4089 vidi,
518 4018 575 4079 vidi
598 4019 675 4098 apud
691 4021 851 4082 ⁴Maronem
875 4022 947 4083 Aen.
969 4020 1105 4096 X15213
1129 4023 1164 4083 cf.
1182 4022 1234 4082 Sili
1253 4021 1303 4081 Vll

163 4115 233 4177 171.
278 4116 336 4176 Sed
360 4135 399 4177 ne
421 4117 493 4178 illud
516 4116 636 4196 quidem
659 4119 739 4196 quod
763 4119 881 4180 natta
905 4129 951 4180 est
971 4131 1095 4181 seruere
1114 4124 1207 4200 perpet
1228 4119 1303 4181 scri-

159 4211 230 4274 bere
252 4213 299 4276 ille
320 4215 470 4289 voluerat3
500 4215 568 4294 quia
595 4215 675 4277 enim
703 4224 836 4278 sternere
865 4219 1055 4297 incepisse
1076 4219 1194 4280 leonem
1217 4226 1302 4280 antea

161 4310 271 4372 (lictum
296 4320 438 4386 nonest,
463 4312 704 4392 interpretandus
728 4315 809 4376 locus
832 4324 891 4377 est:
916 4334 1052 4397 „semper
1080 4317 1109 4378 in
1134 4337 1168 4378 eo
1197 4324 1243 4378 est
1268 4323 1303 4379 ut

160 4414 302 4482 sternat“,
324 4427 413 4489 quarn
434 4410 576 4492 pergendi
595 4411 839 4492 significationem
863 4414 991 4476 habose.
1007 4434 1035 4493 g.
1052 4415 1217 4478 LucretilV
1230 4414 1301 4476 323.
