2924 5018
614 261 744 326 -ιι
793 297 832 307 ..

156 442 244 517 etiam
267 439 347 503 exire
370 442 457 515 forus,
479 439 512 502 iu
541 447 667 512 terram,
695 437 727 499 in
748 438 931 518 provinciam
960 437 1082 516 dicium
1112 444 1142 500 at
1175 437 1304 502 amitti

155 561 219 621 per
241 538 383 611 viscera
406 539 518 603 telum
540 554 603 604 non
619 537 712 617 magis
728 544 829 617 aptum
845 537 921 600 duco
937 535 1068 617 quamsi
1077 537 1150 617 quis
1164 536 1304 603 alicunde

155 639 191 699 in
215 637 259 699 vel
281 654 346 717 per
373 637 499 718 aliquam
523 637 645 699 domum
674 635 789 698 dicatur
815 634 930 697 exire.
973 634 1051 697 Hinc
1072 635 1167 714 Igitur
1186 635 1304 705 luctuum

156 745 189 799 ut
216 754 332 816 semper
355 736 483 797 scribere
514 734 614 796 mallet
635 734 714 795 Naso
738 734 881 795 demittere
902 735 1017 813 serrum
1038 737 1069 795 ιἰι
1090 732 1140 795 e'ia'o
1162 733 1228 795 Met.
1253 734 1303 807 1v‚

159 834 234 909 1193
261 835 332 896 item
358 833 411 895 XII
439 832 518 907 4363
544 850 638 894 ensem
665 836 697 894 ιἰι
727 849 824 893 armos
852 830 915 892 ΧΠ.
945 830 1025 906 486;
1055 833 1171 921 ferrum
1201 830 1305 913 inquio

157 932 276 994 Heroid.
299 931 372 1006 XIV,
396 931 431 1007 53
465 930 601 993 similiter
623 948 729 992 census
760 929 925 992 inviscera
949 929 1116 991 demittitur
1136 926 1203 990 Met.
1227 927 1304 1002 VIII,

157 1030 236 1103 837,
269 1049 397 1113 quocum
426 1033 461 1092 cl.
485 1029 574 1104 lbidis
598 1049 622 1091 v.
648 1027 719 1091 385.
763 1027 906 1108 Vergilius
928 1045 997 1090 vero
1020 1028 1098 1095 hanc
1119 1026 1304 1099 locutionem

156 1128 318 1209 ignorabat.
353 1128 446 1208 Omisi
462 1127 638 1191 ovidianum
662 1126 829 1207 exemplum
852 1144 946 1189 uuum
969 1125 1049 1207 quod
1071 1133 1117 1189 est
1138 1124 1303 1208 uerunt,

159 1227 220 1289 694
250 1227 385 1309 soletque
406 1227 463 1306 legi
486 1226 531 1289 his
554 1225 755 1305 temporibus:
797 1309 800 1314 .

257 1351 333 1413 Ecce
357 1350 426 1413 facit
447 1350 552 1411 mediis
576 1358 659 1412 nams
684 1348 795 1411 Orione
817 1347 937 1420 Thebis,

258 1449 342 1510 Hanc
365 1468 425 1510 ιιοιι
449 1448 609 1531 semiueum
633 1447 734 1526 iugulo
759 1446 827 1521 dare
857 1447 964 1520 uulnus
987 1441 1101 1526 aperto,

259 1548 341 1608 lllam
365 1547 494 1608 demisso
518 1564 572 1626 per
593 1545 680 1607 fortia
703 1545 915 1626 pectoralem,

262 1645 320 1706 Pro
344 1645 454 1724 populo
477 1643 616 1706 cecidisse
639 1662 694 1704 suo
716 1642 906 1723 pulchrisque
928 1661 982 1722 per
998 1642 1102 1704 urbem

258 1742 428 1805 Funeribus
450 1741 519 1804 ferri
543 1741 711 1821 celebrique
732 1741 765 1802 in
787 1748 871 1821 parte
893 1740 1040 1803 cremari·
1070 1769 1072 1773 ·

159 1866 231 1927 llire
253 1867 326 1929 baec
348 1865 434 1928 dicta.
479 1864 603 1927 Librarii
627 1871 699 1944 puto
722 1863 831 1943 aliquid
855 1864 924 1925 olim
948 1871 1150 1944 peccaverunt.
1187 1844 1306 1927 Scilicet

159 1964 332 2025 bimembris
369 1963 516 2026 sententia
547 1970 593 2024 est
629 1963 680 2024 sed
718 1963 808 2024 altera
845 1962 1027 2024 claudicante
1065 1971 1148 2042 parte
1184 1963 1306 2045 Vulcani

159 2063 254 2124 instar
276 2080 365 2141 quem
387 2070 488 2124 tamen
507 2061 630 2123 deorum
649 2061 743 2122 risum
767 2077 827 2121 non
851 2060 988 2140 effugisse
1007 2061 1115 2123 lerunt.
1142 2060 1305 2139 Interpun-

160 2168 235 2239 gunt
257 2160 373 2222 curiose
400 2161 440 2222 ita
470 2168 503 2221 ut
525 2161 652 2221 ceoldissc
678 2160 713 2220 ad
743 2159 848 2221 Oriom
873 2169 963 2221 ιιαιαι
988 2161 1104 2223 trahere
1134 2150 1304 2235 debeamus.

160 2259 261 2338 ltaque
283 2259 375 2321 Aleon
402 2258 434 2319 in
462 2265 575 2320 cratere
598 2259 669 2319 duas
686 2256 805 2338 Orionis
826 2256 900 2318 filias
921 2257 1062 2320 cccidIsse
1084 2258 1162 2333 lacit,
1182 2259 1305 2321 alteram

161 2355 289 2420 demisso
312 2376 366 2436 per
387 2365 507 2437 pectora
522 2356 582 2417 telo
615 2390 651 2399 —
682 2355 810 2436 optime3
838 2356 960 2417 alteram
984 2356 1083 2435 iugulo
1105 2356 1174 2418 dare
1195 2350 1306 2420 vulnus

160 2489 202 2500 -
224 2452 320 2534 quid?
349 2453 491 2516 cecidisse
513 2450 604 2517 dare?
627 2472 695 2516 ecce
717 2451 906 2528 claudicati03
930 2453 1044 2516 domem
1065 2452 1172 2515 ocinus
1194 2472 1306 2535 aequa·

161 2552 258 2614 bilitas
271 2551 447 2631 postulabat.
471 2551 571 2630 ltaque
583 2551 613 2612 id
626 2550 718 2630 magis
730 2550 858 2613 fortasse
869 2550 997 2639 placebit
1007 2550 1211 2645 puellarum
1184 2548 1306 2615 alteram

161 2651 259 2729 iugulo
282 2648 389 2710 virinus
405 2649 483 2722 dare,
507 2649 627 2711 alteram
643 2649 702 2710 telo
725 2646 853 2711 demisso
869 2667 922 2729 pro
939 2636 1047 2729 populo
1063 2667 1117 2710 sno
1140 2625 1308 2712 cecidisse?

161 2752 346 2829 Quamquam
369 2749 448 2839 quod
470 2749 614 2828 populum
630 2765 690 2809 una
704 2750 822 2809 tantum
839 2748 969 2828 curabat,
983 2764 1045 2829 ιιοιι
1060 2747 1135 2808 bene
1151 2748 1215 2810 luit.
1246 2747 1306 2827 Sed

162 2849 245 2928 plura
279 2855 350 2909 sunt
382 2864 457 2926 quae
490 2847 645 2909 mbramur.
707 2847 749 2908 lle
775 2823 914 2927 lleuippa
944 2839 1148 2929 Metiochaqu'e
1174 2865 1222 2909 ras
1248 2854 1305 2909 est
1373 2911 1382 2919 ,

162 2945 229 3007 Non
256 2944 335 3006 idem
357 2943 501 3022 cogitant,
524 2943 615 3006 telum
638 2945 727 3006 altera
750 2943 867 3023 arripit,
895 2942 987 3025 altera
1010 2962 1068 3024 qno
1097 2953 1182 3041 paeto
1204 2936 1305 3058 iugulo

163 3056 223 3106 non
245 3033 408 3105 femineum
431 3042 539 3104 vulnus
562 3043 613 3104 det
635 3042 752 3104 silentio
773 3041 863 3104 inerti
884 3040 1044 3123 premitur3
1067 3051 1097 3104 at
1117 3043 1168 3124 qui
1189 3040 1307 3125 rarissi-

163 3136 242 3204 mam
265 3143 343 3204 banc
364 3139 493 3203 fabulam
516 3149 633 3223 praeter
654 3128 802 3204 Nasonem
825 3141 951 3203 servavit
976 3128 1145 3203 Antoninus
1166 3114 1306 3224 Liberalis

163 3258 226 3320 cap.
242 3236 285 3298 25
300 3256 361 3300 non
376 3237 490 3299 diuersa
512 3244 617 3310 morte,
641 3238 692 3300 sed
716 3222 797 3300 radio
821 3239 931 3319 pariter
953 3246 1112 3319 utramque
1118 3257 1181 3325 pro
1196 3216 1306 3357 pupulp

163 3351 218 3400 suo
251 3337 393 3399 cecidisse
426 3336 512 3398 dicit:
547 3331 765 3408 ἐπάταξαν
750 3337 868 3454 εααιὰς
900 3337 939 3424 τῇ
971 3335 1124 3425 κερκίδι
1130 3335 1224 3422 παρὰ
1249 3336 1306 3423 τὴν

163 3433 279 3498 κλεῖδα
318 3431 374 3497 καὶ
409 3429 592 3527 ανέρῥηξαι
624 3455 683 3518 την
716 3430 855 3520 σφαγήν.
920 3436 1023 3517 Itaque
1056 3434 1220 3500 Nicandreo
1258 3430 1307 3500 bic

161 3535 298 3631 exemplo
320 3541 438 3615 poetam
460 3533 587 3597 latinum
618 3552 706 3596 usum
730 3552 796 3596 esse
819 3535 981 3596 erederene
1007 3514 1199 3599 vetabimur?
1243 3537 1305 3600 la'm

162 3623 282 3714 ternpus
308 3639 354 3695 est
380 3633 513 3695 animum
541 3641 575 3695 ut
602 3632 736 3695 advertas
764 3631 864 3694 omnia
893 3651 969 3712 quae
995 3642 1098 3695 contra
1121 3616 1306 3713 hulduinum

165 3731 327 3794 Liberalem
342 3731 507 3812 pugnantia
521 3731 643 3793 exhibet
658 3718 735 3793 Naso
758 3722 820 3793 ιιοιι
842 3729 953 3847 deberi
966 3730 1023 3794 nisi
1045 3723 1306 3835 interpolatoribus
1386 3753 1388 3759 ·

164 3822 340 3927 sincereque
363 3828 526 3910 antiquitus
549 3829 621 3890 haec
642 3828 742 3910 potius
766 3828 856 3915 tradi:

265 3967 340 4045 Ecce
362 3967 433 4047 facit
454 3966 561 4033 mediis
583 3974 671 4030 natas
691 3965 800 4033 Oriona
823 3965 932 4031 Thebis

178 4116 182 4123 .
261 4065 405 4149 ¹Agmen
426 4064 589 4129 femineum
613 4065 715 4147 iugulo
737 4064 808 4126 dare
830 4066 937 4129 uulmu
960 4075 1061 4147 aperto

264 4163 354 4241 Illas
377 4164 509 4231 dimisso
533 4182 587 4243 per
608 4162 752 4227 inertia
775 4164 925 4237 volnera
947 4165 1007 4228 telo

265 4262 324 4325 Pro
345 4261 456 4343 populo
479 4260 620 4323 cecidisse
642 4280 696 4337 suo
725 4259 915 4342 pulchrisque
941 4283 996 4344 per
1017 4263 1120 4339 urbem
1218 4295 1222 4301 ·

225 4410 227 4415 .
265 4360 432 4429 Funeribus
457 4358 530 4421 ferri
556 4377 617 4440 eqs.
