2924 5018
650 261 847 323 ..g-

258 436 316 496 Sed
339 434 417 497 inter
437 435 601 499 imitatores
624 435 717 516 ipsius
740 436 824 499 Ovidi
847 436 979 499 eiusdem
1002 437 1044 499 rei
1071 437 1238 516 exemplum
1260 436 1312 499 tibi

174 553 310 619 promam
341 535 440 597 locum
473 534 549 596 male
582 533 744 597 obscurum
772 555 868 616 neque
895 535 1049 615 indignum
1084 555 1173 616 qnam
1211 519 1313 605 emenss

173 632 424 713 demusslegitnr
447 632 527 693 enim
549 633 629 712 Eleg.
652 633 684 694 in
706 632 904 697 Maecenatem
926 635 939 696 l
961 654 987 695 r.
1004 634 1044 696 59
1060 653 1125 715 sqq.
1148 636 1183 696 de
1198 634 1313 697 Baccho

173 732 224 812 qui
247 732 336 795 Indos
359 730 511 794 devicerit:

304 843 340 904 Bt
362 842 414 904 tibi
437 860 542 904 securo
565 842 723 905 tunicae
744 843 857 904 duxere
878 844 1004 905 solutae:
1068 890 1071 896 .

343 941 385 1002 Te
407 948 480 1020 puto
503 958 668 1019 purpureas
690 949 763 1002 tunc
784 940 922 1005 habuisse
949 941 1036 1005 duas!

302 1041 375 1102 Sum
398 1057 514 1101 memor
537 1046 567 1099 et
590 1048 669 1101 certe
689 1040 815 1101 memini
836 1041 879 1101 sic
903 1040 1010 1102 ducere
1038 1043 1188 1119 thyrsos

346 1137 485 1199 Bracchia
508 1155 654 1216 purpurea
669 1137 839 1201 candidiora
863 1138 938 1200 nive.

302 1237 340 1296 Et
361 1236 416 1297 tibi
439 1237 593 1314 thyrsus
616 1245 679 1297 crat
700 1236 826 1314 gemmis
848 1244 972 1299 ornatus
998 1256 1059 1316 cqs.

300 1335 459 1414 Argentata
479 1341 547 1396 tuos
571 1335 659 1397 etiam
683 1335 816 1397 talaria
844 1336 918 1397 talos

346 1433 512 1494 Vinxerunt
534 1441 622 1508 certe,
646 1452 702 1494 nec
723 1442 807 1512 puto,
831 1434 951 1508 Bacche,
975 1452 1074 1512 negas.

173 1567 246 1628 Vide
275 1569 418 1656 colorum·
439 1569 565 1629 duorum
589 1567 619 1627 in
642 1586 667 1626 v.
689 1565 728 1626 62
751 1568 876 1628 altorum
900 1584 1084 1647 purpureum
1105 1585 1259 1650 perperam
1280 1573 1316 1633 ad

171 1664 270 1741 nivem
294 1673 431 1727 tractum.
467 1666 569 1745 ltaque
585 1665 812 1744 Oudendorpins
832 1670 1058 1747 proeporonivc
1081 1669 1215 1741 coniecit,
1237 1671 1316 1731 Bur-

174 1784 302 1827 mannus
331 1765 377 1825 nel
399 1784 478 1845 puro
505 1769 584 1838 nine,
614 1784 673 1844 quo
702 1773 829 1844 utroque
857 1767 900 1827 uti
928 1765 1029 1825 nolim.
1065 1767 1187 1830 Effictus
1217 1778 1317 1848 aperte

174 1871 358 1943 pentameter
385 1883 420 1923 ex
448 1864 589 1924 Ovidiano
612 1863 668 1924 isto
691 1862 806 1941 (Amor.
832 1863 872 1924 lll
899 1864 927 1937 7,
956 1861 1002 1939 Sy:
1038 1865 1162 1928 Brachia
1187 1866 1317 1929 Sithonio

174 1968 342 2029 candidiora
369 1970 449 2039 nivc3
475 1968 526 2027 sed
560 1983 705 2045 reponere
732 1965 860 2028 Sithonio
883 1983 944 2026 non
972 1968 1104 2041 audebis,
1139 1984 1235 2047 neque
1265 1974 1316 2027 aut

174 2066 299 2128 Paeonio
338 2075 390 2126 aut
426 2064 530 2126 similia
569 2063 722 2125 iuvabunt.
786 2064 867 2126 Viam
908 2067 1085 2128 emendandi
1118 2065 1316 2145 Buechelerus

175 2164 309 2226 ostendit
347 2163 531 2242 coniungens
564 2162 666 2224 docere
699 2164 816 2243 thyrsos
856 2165 973 2226 trochin
1002 2169 1183 2246 pampineam
1220 2182 1316 2243 neque

174 2264 254 2325 enim
288 2262 386 2323 nivem
421 2261 554 2323 decorari
592 2261 735 2323 adiectiro
766 2280 890 2323 necesse
916 2262 973 2324 luit
1004 2272 1038 2325 ut
1070 2265 1147 2344 apud
1179 2263 1316 2324 Ovidium

175 2369 235 2424 est:
264 2365 330 2422 nine
363 2360 575 2422 candidioribus
602 2365 680 2440 spois
711 2359 779 2421 Met.
807 2361 884 2432 Vlll,
913 2361 983 2424 373.
1026 2363 1087 2423 lam
1117 2381 1184 2424 vero
1217 2369 1315 2423 atten-

176 2461 305 2522 dendum
330 2465 375 2520 est
396 2466 474 2520 stare
497 2476 584 2539 posse
606 2475 644 2518 ne
666 2459 776 2537 thyrsos
805 2459 940 2539 quidem3
968 2479 1035 2522 nam
1063 2462 1094 2522 in
1117 2462 1171 2522 ista
1194 2469 1317 2522 ornatus

176 2557 306 2621 Bacchici
329 2555 524 2635 descriptione
546 2575 600 2635 per
614 2557 721 2634 gradus
744 2564 841 2618 certos
861 2566 1069 2619 memorantur
1090 2578 1116 2620 v.
1138 2560 1178 2620 59
1201 2560 1317 2621 tunicae

105 2709 108 2715 .
175 2658 298 2729 solutae,
313 2674 339 2715 v.
356 2655 396 2716 63
411 2654 531 2734 thyrsus
546 2663 679 2728 ornatus,
701 2676 727 2716 v.
745 2655 784 2715 65
807 2664 957 2733 argentata
971 2657 1072 2719 talaria
1144 2658 1243 2738 itaque
1266 2661 1316 2740 qui

176 2757 277 2836 thyrso
300 2753 473 2816 antecedere
495 2760 623 2832 possunt
645 2754 701 2833 ipsi
723 2755 817 2833 thyrsi
839 2755 964 2816 brachiis
987 2753 1092 2817 ducti?
1120 2758 1217 2837 Atque
1242 2775 1317 2838 qno-

176 2856 266 2915 modo
293 2872 401 2933 quaeso
430 2853 518 2912 deum
551 2852 685 2931 quamvis
713 2852 947 2931 omnipotentem
978 2855 1095 2933 thyrsos
1121 2875 1221 2934 gerere
1251 2876 1317 2918 cre-

177 2955 228 3015 das
259 2953 435 3032 complures,
469 2967 530 3011 non
564 2947 682 3011 unum?
715 2951 856 3012 nimirum
890 2969 1013 3031 prorsus
1053 2954 1107 3016 alia
1133 2973 1181 3015 res
1212 2963 1257 3016 ost
1285 2955 1317 3017 in

176 3051 301 3130 Priapes
323 3050 386 3124 XX,
409 3049 460 3112 uhi
482 3049 569 3110 Lihor
583 3068 655 3111 sane
669 3053 814 3112 committit
824 3049 936 3130 maelis
949 3051 1054 3130 thyrsis
1068 3053 1136 3132 quia
1152 3063 1251 3133 aperto
1267 3074 1318 3116 co-

176 3150 264 3213 mites
276 3149 364 3212 simul
376 3149 546 3227 cogitantur
556 3147 722 3227 thyrsigeri,
735 3148 812 3227 quod
826 3156 926 3210 tamen
943 3157 1044 3212 nostro
1056 3150 1120 3212 loco
1132 3151 1196 3213 lieri
1206 3153 1317 3232 nequit.

177 3250 280 3328 Neque
303 3247 430 3327 denique
452 3247 586 3326 thyrsum
610 3247 718 3308 ducere
746 3244 875 3311 brachiis
898 3249 990 3327 magis
1018 3256 1121 3328 aptum
1143 3256 1207 3312 erat
1230 3270 1318 3331 qnam

178 3346 321 3409 manibus
366 3345 532 3406 Gerebatur
554 3361 643 3406 manu
674 3362 732 3406 nna
756 3353 786 3406 et
813 3345 934 3424 ‹puidem
964 3347 1079 3418 dextra,
1107 3348 1143 3408 cl.
1171 3348 1319 3429 Euripidis

177 3446 280 3508 Bacch
304 3464 331 3505 v.
353 3442 425 3505 943.
470 3444 529 3507 lam
552 3443 672 3522 inquire
695 3450 790 3504 totum
814 3443 960 3505 distichon
983 3446 1052 3525 quid
1076 3446 1132 3507 sibi
1158 3447 1242 3522 velit3
1265 3450 1318 3509 do-

177 3543 291 3606 ceberis
315 3541 572 3603 antecedentibus:
596 3560 657 3602 non
679 3560 780 3615 unam,
803 3542 855 3603 sed
870 3543 943 3604 duas
966 3545 1081 3606 tunicas
1103 3545 1213 3607 habere
1237 3547 1318 3608 vide-

176 3643 263 3703 batur
286 3639 430 3702 Bacchus!
467 3641 539 3701 mira
567 3659 614 3703 res
637 3647 667 3700 at
688 3658 764 3718 quae
785 3639 874 3701 scribi
897 3659 959 3701 non
981 3642 1113 3721 potuerit
1135 3644 1192 3705 nisi
1212 3665 1318 3726 seque-

176 3741 263 3803 batur
285 3737 455 3820 explicati03
478 3737 580 3800 adesse
603 3737 825 3818 explicationem
849 3738 995 3802 indicatur
1017 3740 1079 3820 ipsa
1100 3743 1317 3821 particulatim

180 3838 279 3919 itaque
301 3855 356 3918 pro
380 3843 461 3899 certo
484 3835 577 3898 habeo
600 3835 745 3916 scriptum
768 3836 875 3898 luisse:

320 3948 362 4010 l'c
384 3955 456 4028 puto
481 3965 645 4028 purpureas
667 3956 739 4009 tnnc
761 3948 899 4011 habuisse
920 3949 1003 4012 duas.

278 4049 366 4127 [Sum
389 4066 503 4110 memor
525 4048 568 4123 et]
596 4054 676 4108 certe
705 4047 827 4110 memini
853 4048 896 4110 sic
919 4049 1026 4112 ducere
1055 4070 1176 4130 syrma

322 4144 442 4207 Brachia
465 4162 693 4224 purpureum
715 4145 885 4210 candidiora
907 4147 981 4209 nive.
1048 4152 1050 4156 ‘

180 4271 282 4349 Syrma
306 4270 427 4347 longum
452 4277 482 4330 et
504 4270 635 4348 amplum
652 4272 692 4334 ita
708 4271 835 4335 brachiis
857 4273 975 4336 ducitur
997 4277 1080 4354 quasi
1096 4275 1203 4354 duplex
1218 4277 1318 4338 tunica

180 4369 232 4430 sit:
266 4369 374 4446 cogites
398 4368 637 4448 Sardanapallon.
691 4371 822 4433 Audinnt
850 4373 962 4436 scilicet
989 4374 1167 4436 bacchantes
1191 4370 1318 4436 ἑλκεσὶ-
