2924 5018
609 269 853 331 -167-

158 463 218 505 non
243 446 340 505 mitior
364 447 440 505 ensis
466 447 504 521 (v.
522 443 586 525 97).
632 445 774 506 Similiter
796 445 901 526 thynni
924 463 1043 524 quoque
1072 446 1148 524 apud
1177 445 1301 506 alterum

157 541 281 604 audiunt
295 539 467 617 θύνοντες,
491 540 527 605 ἐν
550 539 687 620 ἰχθύσιν
710 541 821 622 ἔξοχοι
838 538 951 625 ὁρμήν,
973 534 1213 623 κραιπνόοαιοι
1233 542 1302 615 181,

157 641 236 720 apud
264 641 389 703 alterum
413 644 516 722 pavidi
543 662 645 722 magno
673 644 813 723 [sepientes
842 647 953 722 agmine
983 642 1033 704 98.
1077 644 1174 723 Atque
1202 642 1308 721 plures·

157 738 303 800 eiusmodi
325 741 350 801 si
372 751 448 820 qrrae
469 749 630 821 appareant
652 741 863 803 similitudines
886 760 941 803 suo
963 742 1028 803 loco
1052 742 1244 803 notabuntur.

243 837 357 900 Adsero
379 838 512 918 primurn
535 839 768 919 pelagiorum
791 840 973 919 reliquorum
996 858 1162 902 recensum.
1208 840 1303 918 Atque

156 937 195 997 de
216 936 337 998 iulide
359 937 465 998 notis
487 937 625 1015 insigni
651 938 709 999 iam
733 947 832 1000 actum
855 944 900 998 est
916 956 944 1016 p.
960 937 1001 999 56
1017 957 1097 1017 sqq.;
1127 930 1202 1016 quae
1223 938 1304 998 inter

155 1035 293 1096 saxatiles
315 1036 394 1114 algae
416 1044 551 1098 errantes
577 1035 699 1116 ponitur
724 1036 801 1115 apud
825 1036 993 1116 Oppianum
1009 1037 1021 1098 1
1039 1036 1110 1109 124,
1138 1045 1236 1098 actum
1258 1045 1303 1096 est
1359 1087 1362 1106 ,

157 1134 247 1196 etiam
269 1134 307 1195 de
340 1134 457 1197 miluo
489 1126 607 1208 ibidem,
641 1154 731 1216 quem
755 1135 900 1215 pelagium
924 1154 991 1196 esse
1013 1153 1082 1197 cum
1105 1134 1208 1196 Ouidio
1231 1151 1303 1196 con-

156 1233 249 1296 sentit
270 1232 409 1295 Aelianus
431 1233 544 1306 11152;
575 1236 712 1296 channen
740 1235 776 1296 de
803 1253 861 1314 qua
884 1234 1013 1296 diximus
1036 1254 1064 1314 p.
1089 1235 1129 1296 30
1152 1234 1303 1314 Oppianus

155 1332 245 1395 talem
268 1332 421 1395 saxatilem
445 1335 562 1414 qualem
585 1334 674 1396 iulida
697 1334 777 1403 lacit,
807 1332 937 1394 libidinis
959 1351 1054 1410 genus
1076 1332 1209 1413 ignorem
1238 1332 1304 1394 Ari-

156 1430 279 1493 stoteles
293 1431 436 1510 pelagiam
453 1433 523 1494 dicit
538 1453 567 1512 p.
584 1432 675 1494 5984
694 1433 742 1494 13.
765 1430 859 1492 5914
880 1433 925 1493 10.
949 1433 972 1493 Β
989 1433 1017 1494 6.
1056 1432 1158 1512 Neque
1174 1432 1211 1494 de
1227 1451 1304 1493 mu·

156 1547 248 1592 rena
271 1530 406 1608 gularum
428 1531 630 1593 Romanarum
659 1530 866 1592 famosissimis
893 1530 1004 1592 deliciis
1034 1529 1170 1608 pluribus
1201 1529 1303 1609 dispu-

156 1631 282 1692 tandum
305 1630 379 1691 milri
401 1631 473 1707 erit3
496 1631 580 1693 cuius
602 1650 671 1693 cum
693 1631 788 1692 rabies
812 1629 968 1692 notissima
991 1629 1043 1702 sit,
1066 1631 1198 1691 ferocem
1221 1637 1305 1690 vocat

156 1728 280 1790 Ovidius
303 1747 329 1790 r.
347 1728 398 1802 27,
422 1726 603 1811 αἰνόμορον
626 1730 778 1793 Marcellus
801 1749 827 1789 x.
846 1730 900 1804 143
921 1729 994 1791 item
1016 1729 1119 1791 ardere
1142 1746 1206 1789 earn
1228 1731 1304 1788 notis

156 1831 270 1890 cornis
292 1828 356 1904 (Ox.
379 1828 452 1904 114)
476 1830 588 1909 experti
610 1829 737 1903 aiebant,
761 1828 841 1890 unde
863 1827 977 1889 Plinius
999 1827 1038 1888 lx
1054 1827 1095 1888 76
1123 1827 1303 1889 accuratius:

157 1927 279 1989 donaro
296 1929 327 1987 ιἰι
340 1927 466 1988 monilia
480 1929 610 1990 maculae
635 1945 723 1989 coreo
751 1928 844 1988 colora
869 1927 992 2006 [alpem.
1017 1919 1174 1988 ποικίλον
1188 1925 1304 1986 Aristo-

155 2026 231 2087 teles
261 2023 332 2090 dicit
352 2044 381 2105 p.
399 2025 493 2086 7078
513 2025 563 2097 29,
587 2027 738 2107 Oppianus
764 2022 855 2089 νῶτα
881 2016 1052 2086 navalem
1074 2025 1101 2086 ll
1124 2024 1195 2099 274,
1223 2024 1303 2086 idem

156 2123 226 2186 alibi
242 2124 371 2186 colorem
387 2124 488 2204 potius
504 2117 656 2189 κελαινόν
670 2126 683 2187 1
700 2125 761 2187 514
778 2132 807 2186 et
823 2125 884 2186 564
901 2141 959 2203 quo
975 2124 1064 2186 verbo
1087 2124 1177 2186 simul
1198 2122 1305 2186 crude-

156 2224 223 2287 litas
247 2223 417 2285 ostenditur
438 2224 529 2287 animi
552 2226 602 2303 (cf.
626 2224 745 2303 schol.);
775 2234 805 2286 et
833 2224 951 2303 quidem
978 2223 1110 2303 pelagius
1140 2224 1188 2284 hic
1216 2223 1304 2303 piscis

156 2321 235 2402 apud
256 2321 409 2382 Aelianum
432 2323 513 2384 audit
528 2324 541 2384 l
557 2323 607 2397 33,
630 2323 758 2384 saxatilis
779 2322 858 2383 inter
880 2329 991 2383 ostreas
1014 2321 1115 2383 vivens
1137 2322 1215 2401 apud
1241 2322 1304 2401 Op-

157 2421 281 2501 pianum
297 2420 310 2481 1
327 2420 442 2499 142(ΙΙ
459 2420 543 2501 323),
567 2422 698 2502 pelagius
721 2422 809 2483 simul
831 2421 919 2482 simul
942 2417 1115 2502 πρόςγοιος
1132 2421 1175 2481 vel
1196 2418 1305 2501 ἕπαμ-
1419 2413 1420 2416 ’

157 2514 340 2602 φοτερίζιον
363 2519 440 2598 apud
461 2521 650 2582 Aristotelem
674 2540 703 2600 p.
720 2519 813 2581 598A
832 2519 878 2580 14.

244 2617 512 2697 Chrysophryn
535 2618 602 2696 (Ox.
626 2618 699 2698 111)
721 2618 766 2678 vel
789 2624 952 2679 auratam
981 2617 1122 2698 pelagiam
1146 2617 1304 2679 Columella

158 2735 278 2796 quoquo
300 2716 567 2790 6611111168,
597 2716 750 2796 Oppianus
773 2715 937 2777 accuratius
960 2721 994 2776 ut
1015 2715 1092 2776 solet
1113 2722 1142 2775 et
1164 2731 1304 2776 saxorum

108 2861 109 2864 ,
158 2824 188 2877 et
211 2833 367 2878 arenarum
389 2824 537 2877 amantem
560 2816 572 2877 1
597 2813 666 2889 169,
689 2814 865 2877 Aristoteles
888 2812 1063 2896 πρόςνειον
1084 2833 1113 2894 p.
1137 2813 1231 2876 598A
1257 2813 1304 2874 10.

158 2915 254 2994 Atque
281 2915 360 2976 inter
382 2905 589 2998 φερονύμοος
611 2933 675 2976 eam
704 2914 781 2975 sicut
809 2913 929 2993 xiphian
952 2911 1074 2974 Ovidius
1097 2930 1163 2974 osse
1185 2909 1306 2974 callebat
1340 2975 1344 2979 ,

158 3033 228 3075 curn
251 3014 371 3076 adderet
400 3017 468 3075 ouri
491 3018 603 3076 irm'toto
629 3015 726 3089 decom
756 3031 886 3092 quocum
912 3012 1022 3074 iterum
1045 3012 1196 3091 Oppianus
1220 3029 1306 3072 com·

157 3113 308 3192 parandus
331 3112 388 3174 orit
410 3114 462 3192 qni
484 3113 602 3192 scripsit
625 3107 744 3194 cirtulo
765 3107 951 3194 χρύσοφρυς
971 3106 1195 3192 ἐπώνυμος.
1241 3109 1306 3170 Sci-

157 3212 227 3273 licet
248 3228 398 3273 nomena
421 3212 520 3292 specie
542 3213 632 3292 piscis
654 3211 758 3272 traxit:
781 3210 873 3272 schol.
888 3208 1017 3288 Oppien.
1034 3209 1141 3288 Cpneg.
1158 3208 1195 3269 lll
1212 3205 1283 3268 343.

243 3309 341 3371 Etiam
364 3310 470 3390 lupos
495 3309 560 3386 (Ov.
580 3310 652 3384 112)
676 3310 821 3390 plurimos
842 3308 874 3369 in
896 3307 1014 3368 vivariis
1035 3305 1153 3368 alebant
1168 3305 1304 3368 Romani.

158 3407 292 3486 Pelagios
320 3427 387 3471 esse
419 3408 615 3488 adstipulatur
637 3407 813 3480 Columella3
847 3406 999 3486 Oppianus
1022 3423 1103 3467 mare
1136 3405 1163 3465 ei
1198 3404 1306 3466 addicit

158 3507 291 3570 amnium
325 3507 408 3567 ostiis
431 3506 560 3568 vicinum
585 3506 597 3566 l
621 3507 697 3580 112;
730 3504 845 3585 rapidos
878 3523 944 3565 cum
979 3503 1089 3565 diceret
1111 3503 1242 3575 Ovidius,
1277 3512 1308 3564 et

157 3607 254 3686 ipsam
277 3611 414 3668 naturam
442 3605 561 3684 quidem
591 3605 725 3667 animalis
754 3610 836 3665 recte
863 3602 1019 3681 descripsit
1046 3593 1183 3681 rapacem
1206 3602 1307 3677 (Colu-

158 3703 246 3767 mella
269 3723 333 3784 cap.
351 3704 400 3777 17,
416 3703 451 3778 8;
474 3705 509 3765 of.
526 3703 599 3766 Phil.
615 3724 639 3764 v.
659 3701 753 3778 1867)
787 3709 817 3763 et
849 3710 949 3763 tamen
971 3701 1019 3763 hic
1041 3720 1161 3781 quoque
1181 3701 1308 3763 fortasse

157 3802 433 3887 interpretationem
459 3803 584 3881 aliquam
608 3801 753 3881 cogitabat
776 3801 907 3865 nominis
930 3800 1027 3881 graeci
1045 3795 1188 3882 λάβραξ;
1212 3799 1307 3879 expli-

158 3909 242 3965 catur
264 3901 342 3963 enim
372 3902 429 3962 hoc
456 3918 567 3963 nornen
590 3896 608 3965 ὁ
631 3899 708 3963 λίαν
730 3899 829 3982 βορὸς
851 3896 871 3980 ἢ
893 3897 1076 3979 λαίμαργος
1098 3899 1172 3978 Opp.
1196 3899 1221 3959 ll
1248 3898 1306 3958 136

159 4003 207 4078 (cl.
225 3998 329 4078 schol.)
345 4006 374 4060 et
389 3999 480 4060 schol.
498 3999 573 4079 Opp.
591 3999 680 4061 Hal}
701 4000 770 4059 112.
815 4001 950 4072 Ouorum
973 3998 1108 4059 locorum
1131 3998 1223 4059 altero
1246 3991 1307 4058 lol-

158 4099 277 4182 βρακές
308 4098 334 4160 τ’
366 4090 467 4178 ἀμίαι
500 4092 793 4180 ceoperatorem
826 4096 1010 4159 ferocitatem
1046 4097 1134 4158 etiam
1167 4097 1312 4175 luporum*

158 4205 277 4278 poetam
293 4195 463 4276 praedicare
480 4196 635 4259 existumo.
659 4196 735 4258 Hinc
750 4196 837 4259 etiam
852 4194 964 4258 factum
979 4205 1026 4259 est
1041 4195 1120 4275 quod
1136 4194 1258 4256 Plautus
1274 4193 1306 4255 in

158 4296 297 4362 Rudente
312 4293 468 4375 piscatoria
490 4294 587 4358 fabula
610 4294 728 4359 lenonis
750 4313 813 4356 esso
835 4293 950 4374 rapacis
970 4294 1050 4356 istud
1074 4311 1185 4355 nomen
1205 4293 1305 4356 voluit.

159 4394 348 4463 Memorabile
370 4395 496 4474 denique
520 4394 599 4475 qood
620 4392 775 4458 Marcellus
802 4401 832 4456 et
859 4390 1010 4476 λάβρακα
1042 4392 1159 4457 exhibet
1181 4411 1207 4455 v.
1232 4393 1251 4458 9
1274 4403 1304 4457 et
