2924 5018
591 279 788 345 ..3..

120 452 364 518 demonstraverit
397 457 439 535 (p.
458 457 577 533 XXlX)3
611 459 753 520 nimirum
788 458 967 519 novantibus
1001 455 1081 520 credi
1114 463 1178 521 sine
1206 462 1260 523 de-

120 557 335 616 monstratione
368 574 435 616 vera
469 563 558 636 atque
586 576 684 619 severa
715 575 775 618 non
802 566 918 636 poterat
953 559 1153 639 Sterniusque
1181 561 1262 640 quod

119 652 164 713 bis
187 654 295 714 erravit
321 654 488 715 laudabitur
516 656 615 733 potius
637 675 728 735 quam
750 656 945 717 accusabitur.
989 657 1050 717 Iam
1074 659 1200 720 alterum
1225 659 1261 719 dc

120 751 276 831 Calpurnio
293 772 425 815 errorem
441 754 592 815 verissima
606 756 726 815 tandem
743 753 995 815 demonstratione
1017 755 1054 814 Μ.
1077 756 1104 815 H
1110 757 1261 835 auptius

119 851 253 926 sustulit3
277 852 507 914 Hulieuticorum
530 861 632 913 contra
654 873 692 914 ue
712 853 776 932 ipse
793 853 910 932 quidem
933 852 988 912 nisi
1003 853 1126 916 editioni
1141 873 1261 930 operam

119 949 234 1011 navavit
256 951 306 1011 tali
329 970 386 1030 qua
405 952 551 1030 hodieque
572 952 680 1012 borum
697 951 861 1012 carminum
878 951 1013 1012 tractatio
1028 953 1142 1027 nititur,
1166 961 1261 1014 artem

118 1066 187 1108 vero
211 1047 335 1109 Ovidine
358 1069 460 1111 revera
483 1059 562 1110 esset
584 1068 726 1129 quaerere
749 1067 811 1109 non
834 1050 953 1110 vacabat
974 1049 1190 1131 lleinsiumque
1213 1069 1263 1114 se-

119 1157 204 1207 cutus
227 1149 263 1208 ad
284 1148 377 1226 ipsam
402 1148 477 1209 Plini
499 1148 663 1226 gravissimi
686 1148 814 1209 auctoris
836 1147 1076 1209 testificationem
1100 1151 1261 1228 coningere

119 1244 189 1305 satis
212 1245 347 1307 habebat.
385 1246 464 1317 Quin
487 1246 574 1307 etiam
597 1255 678 1308 tanta
702 1247 766 1307 eius
787 1247 888 1324 religio
911 1254 945 1307 ut
967 1247 1145 1309 credendum
1163 1248 1259 1310 Plinio

119 1361 184 1404 csse
207 1343 317 1405 diceret
339 1344 426 1405 etiam
451 1345 476 1404 si
498 1345 680 1407 inveniretur
702 1346 842 1425 aliquid
865 1347 897 1406 in
919 1347 964 1407 bis
989 1345 1123 1407 versibus
1142 1347 1221 1426 quod
1244 1366 1261 1407 a

118 1441 234 1502 Nasone
257 1462 308 1502 eos
330 1460 392 1503 non
415 1444 563 1523 profectos
586 1463 651 1504 esse
673 1453 774 1504 certo
797 1453 972 1522 argumento
994 1445 1148 1506 indicaret.
1183 1445 1261 1518 Quid

117 1537 228 1618 igitur?
273 1541 369 1602 Statui
393 1542 506 1604 volebat
533 1544 676 1605 amissum
699 1561 801 1603 verum
825 1544 1003 1605 halieuticon
1027 1544 1164 1604 volumen
1188 1562 1260 1617 esse,

119 1638 261 1717 quivero
284 1640 320 1699 ad
343 1657 399 1700 nos
421 1641 628 1718 pervenissent
651 1659 754 1702 versus
777 1642 813 1702 de
836 1643 967 1720 piscibus
992 1649 1022 1700 et
1043 1642 1113 1702 feris
1137 1661 1171 1703 ex
1187 1642 1260 1721 ipsis

117 1736 193 1796 Plini
222 1738 365 1816 excerptis
395 1746 530 1817 sumptos
556 1759 571 1799 a
600 1741 716 1802 falsario
739 1761 803 1801 esse
833 1749 862 1801 et
893 1742 1034 1801 adauctos
1060 1740 1124 1801 aliis
1155 1739 1258 1818 (prael.

117 1853 166 1914 pg.
189 1835 254 1915 XX)
278 1871 318 1880 -
341 1854 429 1915 quam
452 1846 551 1898 tamen
574 1838 773 1900 coniecturam
796 1838 934 1900 facillime
957 1839 1064 1900 elevari
1087 1857 1175 1917 posse
1198 1839 1260 1918 ipse

118 1931 227 1993 ibidem
256 1934 384 1995 ostendit
413 1953 510 2014 neque
536 1953 591 1996 nos
620 1956 683 1998 eam
708 1937 897 1998 morabimur.
944 1937 1034 1999 Nobis
1058 1945 1156 1998 autern
1181 1937 1259 2015 quod

118 2029 205 2092 simul
228 2041 287 2092 tam
311 2032 495 2093 confidenter
517 2043 546 2094 et
568 2042 628 2095 tam
650 2035 782 2095 breviter
804 2037 848 2096 vir
871 2055 1006 2096 summus
1027 2035 1171 2096 iudicium
1191 2035 1260 2096 tulit

119 2129 278 2191 dolendum
302 2131 421 2210 quidem
446 2140 524 2192 esset
546 2132 603 2194 nisi
626 2152 815 2212 speraremus
837 2139 900 2194 lore
923 2142 956 2195 ut
978 2135 1009 2194 in
1031 2133 1181 2194 reiciendo
1202 2133 1260 2192 isto

117 2228 226 2289 iudicio
254 2229 316 2291 eius
344 2229 436 2308 ipsius
466 2230 586 2308 vestigia
614 2251 667 2311 pro
698 2241 799 2293 nostra
824 2234 961 2293 facultate
984 2249 1121 2311 premere
1144 2231 1260 2291 videre-

119 2346 193 2388 mur.
239 2328 444 2407 Praeterlapsa·
474 2329 579 2390 exinde
608 2339 674 2391 octo
703 2331 766 2391 lere
796 2331 903 2405 lustra3
939 2329 1048 2410 quibus
1076 2347 1174 2408 neque
1196 2329 1260 2406 ipse

119 2434 169 2486 aut
192 2427 315 2487 mutavit
337 2436 389 2488 aut
412 2428 596 2489 confirmavit
620 2429 797 2489 sententiam
823 2447 905 2490 suam
930 2429 979 2507 (cl.
1003 2429 1048 2488 cd.
1065 2428 1258 2506 Metamorpb.

118 2523 208 2603 praef.
233 2543 260 2602 p.
285 2524 316 2603 8)
344 2544 442 2605 neque
471 2526 544 2586 alios
574 2546 638 2587 eam
662 2534 714 2588 aut
736 2527 913 2588 confirmare
936 2533 987 2587 aut
1010 2526 1162 2586 confutare
1186 2525 1260 2585 vidi-

118 2641 204 2695 mus;
226 2641 300 2702 quae
316 2641 385 2684 vero
408 2624 534 2684 iudicata
557 2625 622 2685 sine
645 2625 904 2686 demonstratione
926 2632 997 2685 sunt
1016 2623 1183 2683 adscribere
1200 2642 1261 2683 nou

118 2740 193 2799 opus
222 2729 275 2781 est.
321 2721 469 2793 Quoniam
498 2740 567 2783 vero
597 2723 632 2783 ab
655 2722 739 2783 Ovidi
766 2723 893 2783 lectione
921 2723 957 2783 ad
986 2721 1148 2782 Halieutica
1176 2740 1261 2781 acce-

118 2819 222 2881 dentes
249 2821 354 2880 eodom
376 2821 452 2890 fere,
480 2839 538 2899 quo
570 2820 724 2881 Panthium
752 2821 909 2900 abreptum
937 2819 1051 2891 vidisti,
1082 2819 1261 2896 indignatio-

117 2917 162 2978 nis
190 2918 303 2997 impetu
337 2918 454 2979 iuvenili
477 2917 571 2997 abripi
605 2936 660 2979 nos
688 2937 807 2999 quoque
836 2919 996 2990 sensimus,
1031 2918 1089 2979 iam
1113 2917 1260 2978 senectuti

117 3015 199 3077 locus
231 3016 345 3077 dandus
376 3025 438 3078 erat
467 3017 508 3077 illi
537 3036 626 3096 quam
648 3015 847 3099 poxpdloyov
870 3017 971 3078 dicunt
993 3017 1259 3097 quaerendumque

118 3114 187 3193 quid
210 3115 328 3176 tandem
352 3116 549 3176 sensissemus
572 3123 601 3176 et
624 3124 725 3177 utrum
749 3116 859 3195 aliquid
884 3126 962 3177 esset
985 3134 1023 3175 an
1046 3115 1116 3176 nibil
1139 3123 1169 3176 et
1185 3133 1260 3194 quae

116 3221 294 3292 apparerent
321 3214 505 3274 differentiae
534 3215 678 3275 sermonis
707 3233 778 3276 uum
809 3213 880 3274 satis
904 3213 1042 3293 explicari
1063 3220 1187 3292 possent
1209 3220 1261 3274 aot

117 3331 151 3372 ex
175 3312 323 3374 debilitate
345 3312 586 3373 consenescentis
609 3320 715 3391 poetae
737 3320 788 3374 aut
811 3331 846 3372 ex
869 3310 989 3372 materia
1013 3311 1152 3371 carminis
1168 3309 1259 3370 nimis

117 3411 207 3473 ardua
230 3421 282 3472 aut
304 3411 433 3491 denique
455 3429 491 3470 ex
514 3417 649 3488 utroque.

199 3509 318 3571 Primus
339 3510 421 3570 locus
445 3508 606 3569 debebatur
627 3508 669 3568 rei
692 3507 873 3586 simpliciori,
896 3505 953 3566 hoc
976 3513 1021 3566 est
1036 3506 1184 3567 metricae.
1215 3507 1260 3566 Ad

116 3626 180 3674 eam
209 3609 387 3687 pertinentia
416 3607 570 3687 composui
597 3612 665 3666 ante
696 3607 749 3666 hos
779 3606 853 3666 duos
883 3622 978 3664 annos
1009 3604 1040 3666 in
1067 3604 1164 3665 libello
1192 3623 1260 3664 meo

118 3707 163 3766 Ad
196 3706 350 3768 historiam
384 3705 547 3768 hexametri
578 3704 660 3766 latini
687 3702 827 3786 [symbola
856 3722 884 3783 p.
909 3704 949 3762 55
968 3722 1033 3783 sqq.
1078 3703 1121 3762 Ex
1152 3703 1259 3782 quibus

116 3805 185 3885 quid
210 3805 451 3866 concludendum
475 3811 551 3865 esset
574 3803 671 3864 dicere
692 3803 801 3864 ibidem
833 3798 894 3863 non
923 3802 1050 3862 dubitavi
1079 3819 1258 3880 quamquam

117 3903 188 3964 mihi
209 3903 305 3982 legere
320 3921 380 3963 non
395 3903 517 3964 licuerat
536 3919 723 3982 programma
740 3901 819 3980 quod
841 3901 975 3960 Veronae
991 3899 1149 3978 publicavit
1171 3898 1259 3958 Zin-

116 4003 218 4080 gerle
241 4019 320 4062 anno
346 4001 426 4062 1865
449 4001 490 4062 lle
509 4000 632 4061 habeut.
657 4001 821 4077 fragmento
844 3998 946 4059 Ouidio
969 4015 1031 4058 non
1054 3996 1257 4058 abiudicando.

115 4101 319 4162 Intellexeram
342 4099 459 4178 quidem
483 4099 562 4160 bene
585 4099 725 4159 meritum
753 4117 818 4158 esse
847 4097 942 4157 virum
970 4097 1092 4157 doctum
1122 4094 1158 4152 de
1187 4111 1258 4153 sen-

115 4199 217 4260 tentiis
239 4198 456 4259 elocutionibus
472 4197 657 4276 uocibusque
680 4202 836 4276 poetarum
864 4195 953 4256 unius
984 4195 1126 4269 cuiusque
1154 4189 1258 4269 singu-
1319 4224 1321 4229 ·

116 4297 226 4358 laribus
249 4297 439 4358 observandis
469 4303 500 4356 et
526 4295 606 4355 inter
635 4314 666 4355 se
697 4294 902 4374 comparandis
931 4293 1009 4354 unde
1041 4307 1099 4362 res,
1132 4288 1258 4349 minime

116 4396 215 4470 dubia,
243 4396 441 4457 illustraretur
469 4403 499 4456 et
521 4394 769 4455 consuetudinem
793 4394 871 4472 apud
893 4400 995 4470 poetas
1019 4388 1113 4450 valere
1136 4394 1167 4448 et
1187 4387 1256 4447 imi-

1008 4490 1044 4543 l*
