2924 5018
620 220 819 282 ..7-

150 415 250 469 etres
273 409 441 488 dequibus
465 415 604 487 ageretur
625 407 709 488 quasi
738 409 926 488 adspicienda
954 411 1046 471 oeulis
1075 411 1193 472 lectoris
1221 431 1291 492 pro-

149 514 295 586 ponerent
319 515 348 568 et
375 507 454 585 ipsos
477 508 591 568 colores
620 526 737 587 quoque
765 515 854 587 atque
881 509 953 569 adeo
982 510 1212 589 compositiones
1241 530 1292 572 co-

148 607 244 667 lorum
269 605 382 666 curiose
404 612 598 666 sectarentur.
644 606 870 667 Curiosissimus
892 626 965 667 sane
995 609 1217 687 compositionis
1240 629 1292 671 co-

148 705 244 765 lorum
269 703 389 765 Ovidius
417 703 486 775 lule
515 723 549 764 ex
576 722 635 782 quo
663 704 798 782 Zingerle
826 703 899 782 (1.1.
923 724 952 783 p.
977 706 1029 777 30)
1058 707 1191 785 exempla
1220 724 1290 768 coa-

148 803 284 865 cervavit.
329 803 443 862 Tamen
467 803 497 862 in
521 803 649 882 catalogo
669 803 796 881 piscium
819 804 882 863 Hal.
899 823 924 864 v.
943 805 1002 865 107
1019 814 1049 865 et
1067 805 1126 864 114
1148 806 1290 869 rutilus

148 903 267 980 phagor,
295 900 390 960 fulvi
415 901 608 979 synodontes,
641 901 785 963 auratis
813 920 938 964 murena
969 903 1069 964 notis
1100 905 1291 985 merulaeque

146 1000 317 1061 virentes
344 999 596 1077 ichthyologorum
625 1000 724 1078 potius
752 1001 959 1061 consuetudini
985 1001 1086 1062 deberi
1112 1002 1290 1078 conicietur3

148 1097 236 1159 etiam
260 1101 338 1177 quod
363 1101 399 1161 de
421 1102 541 1180 loligine
564 1101 672 1163 dicitnr
694 1122 720 1162 v.
747 1102 823 1163 132:

247 1197 365 1276 nigrum
389 1200 473 1260 niveo
496 1208 618 1279 portans
640 1200 670 1260 in
693 1218 816 1281 corpore
838 1201 918 1261 virus

148 1314 208 1357 non
226 1295 398 1375 exquisitius
415 1297 526 1357 dictum
542 1305 587 1359 cst
602 1316 690 1377 quam
705 1300 738 1360 in
754 1300 963 1379 epigrammate
977 1297 1028 1357 illo
1044 1298 1080 1358 de
1096 1297 1175 1377 sepia
1200 1298 1242 1372 (Α.
1256 1298 1288 1358 L.

146 1395 224 1456 Ries
251 1393 337 1473 107):
365 1395 402 1455 lit
423 1397 546 1458 candeas
565 1400 678 1476 picerent
708 1401 786 1477 sepio
807 1397 914 1459 claudit
937 1414 1024 1470 oaus3
1052 1397 1092 1457 ila
1116 1397 1173 1457 iam
1196 1396 1289 1458 Matre

146 1493 223 1573 apud
239 1493 345 1554 Athen.
361 1513 390 1573 p.
410 1493 508 1556 135οε
533 1490 553 1578 ἢ
575 1491 657 1578 μόνη
684 1493 782 1574 ἰχθύς
806 1491 947 1558 edrard
970 1493 1086 1558 λευκὸν
1108 1494 1163 1556 καὶ
1187 1492 1290 1576 μέλαν

147 1588 247 1655 οἶδεν.

146 1690 219 1752 Illud
241 1707 326 1752 vero:

245 1791 436 1872 caeruleaque
458 1788 568 1852 rubens
593 1790 745 1871 erythinus
767 1791 800 1852 in
824 1790 901 1852 unda

147 1904 222 1980 (Hal.
247 1904 319 1978 104)
349 1902 509 1981 elegantiae
532 1904 631 1964 studio
654 1910 732 1964 recte
763 1902 902 1966 tribuisse
930 1901 1045 1962 videtur
1072 1902 1204 1979 Zingerle
1238 1901 1288 1980 (cl.

146 2003 223 2065 infra
245 2020 272 2081 p.
300 2001 383 2077 112).
428 2001 545 2063 Scilicet
568 2002 654 2064 etiam
671 2002 832 2081 Vergiliana
850 2002 1014 2065 Tibulliana
1034 2001 1102 2062 talia
1118 2001 1287 2063 decantata:

145 2079 273 2182 bamque
289 2101 391 2162 coloes
405 2103 498 2162 rubro
512 2101 613 2181 sulcus
627 2102 708 2162 Joer's
730 2102 788 2163 eles
803 2105 834 2162 r‘o
856 2102 957 2162 aethre
970 2135 1012 2144 —
1027 2099 1142 2163 Aurora
1156 2105 1289 2162 edentem

145 2200 311 2279 Luciferum
337 2203 425 2262 roseis
454 2201 577 2262 candido
596 2210 689 2280 portet
716 2203 793 2280 cquis
825 2234 862 2242 -
900 2199 1005 2260 similia
1035 2197 1172 2278 plurima,
1201 2215 1288 2276 prae-

146 2307 237 2363 eunte
259 2299 329 2361 olim
352 2299 475 2361 Catullo.
520 2299 614 2378 Atque
642 2298 744 2360 Catulli
772 2298 952 2361 imitatorem
980 2297 1032 2377 qui
1061 2297 1142 2358 Cirin
1170 2297 1289 2375 scripsit

24 2420 26 2424 ⁴
110 2449 112 2453 a
146 2398 293 2460 observari
316 2404 413 2478 potest
435 2397 570 2467 consulto
599 2397 655 2458 hac
676 2397 707 2456 in
729 2416 762 2459 rc
786 2396 911 2475 exempli
935 2396 981 2458 sui
1009 2396 1097 2458 etiam
1126 2394 1288 2457 excoluisse

145 2497 248 2572 verha3
272 2513 342 2556 nam
366 2495 440 2556 Ciris
464 2514 565 2559 versus
589 2497 668 2556 511:

346 2593 513 2673 Purpureas
536 2593 610 2654 llavo
632 2592 812 2653 retinentem
835 2591 944 2654 vertice
967 2591 1053 2653 vittas

146 2693 278 2753 colorum
301 2691 412 2771 accepit
433 2691 560 2753 alterum
576 2698 692 2752 tantum
715 2710 750 2752 cx
773 2690 929 2752 Catulliani
951 2689 1126 2768 Nuptiarum
1149 2689 1288 2759 carminis

145 2811 171 2851 v.
196 2789 251 2851 63:

352 2886 419 2949 Non
441 2887 516 2948 llavo
539 2886 673 2948 retinens
695 2885 834 2948 subtilem
857 2885 965 2947 vertice
988 2883 1115 2945 mitram.

144 3013 261 3075 Addere
284 3016 409 3078 sortasse
432 3012 489 3074 hoc
510 3012 624 3074 licebit:
656 3031 724 3073 narn
747 3011 823 3073 Ciris
852 3017 967 3089 poetam
992 3009 1152 3070 Catulliana
1175 3010 1286 3089 quippe

145 3119 346 3174 ostentantem
368 3117 491 3189 apparet
521 3111 632 3171 eisdem
661 3110 718 3170 illis
748 3110 844 3170 verbis
876 3112 1042 3169 retinentem
1069 3112 1174 3168 calice
1202 3112 1286 3169 otrus

144 3212 232 3272 etiam
255 3211 379 3271 alterum
402 3209 502 3271 locum
525 3209 702 3287 Nuptiarum
726 3207 874 3269 imitatum
898 3226 964 3268 esse
986 3207 1036 3285 qui
1051 3206 1223 3268 scribendus
1239 3215 1286 3268 est

144 3307 324 3388 (307sqq.):

244 3407 297 3467 llis
320 3407 374 3484 (sc
397 3405 509 3481 Parcis)
525 3423 633 3484 corpus
649 3405 811 3466 tremulum
828 3404 1027 3483 complectens
1050 3403 1182 3484 undique
1196 3402 1285 3466 vestis

247 3504 376 3567 Candida
398 3521 548 3583 purpurea
570 3504 645 3565 talos
668 3503 832 3564 incinxerat
858 3520 918 3564 ora.

244 3604 334 3663 Atro
357 3603 419 3664 sed
445 3603 545 3664 niveae
568 3603 736 3664 residebant
758 3601 866 3664 vertice
887 3601 977 3662 vittae
999 3620 1076 3680 eqs.;

143 3716 239 3791 (codd.
269 3721 438 3788 atrose03
462 3714 595 3776 adhibuit
622 3714 734 3776 scilieet
762 3713 973 3774 adversativam
1001 3711 1175 3792 particulam
1198 3722 1285 3793 poeta

145 3814 264 3876 fatalem
287 3813 416 3874 colorem
439 3813 686 3892 splendidioribus
708 3813 764 3873 illis
788 3813 1001 3892 oppositurus,
1023 3831 1121 3890 neque
1149 3814 1284 3892 aprime

143 3912 222 3973 idem
246 3912 412 3973 sententiae
435 3915 499 3973 loco
517 3912 606 3972 talem
622 3929 776 3972 removere
798 3910 969 3990 dubitabat).
1015 3913 1076 3971 lam
1099 3910 1171 3971 Ciris
1199 3919 1284 3990 poeta

143 4028 216 4071 num
240 4012 318 4070 forte
340 4010 429 4070 etiam
454 4029 534 4072 oram
558 4010 637 4070 illam
660 4009 801 4071 candidae
825 4010 913 4071 vestis
928 4028 1107 4089 purpuream
1129 4009 1161 4069 in
1182 4018 1283 4070 mente

142 4109 249 4170 habuit
272 4102 613 4186 scribens'putidissima
636 4110 708 4169 haec
730 4111 769 4184 (v.
794 4107 883 4187 lum:

630 4232 752 4294 candida
778 4232 883 4294 Thesei

385 4330 544 4412 Purpureis
566 4332 624 4392 late
645 4331 772 4392 ridentia
799 4332 883 4392 litora
905 4326 1047 4393 conchis?
