2924 5018
608 258 852 324 -121-

156 452 273 516 genera,
301 454 396 498 unum
422 436 578 516 pelagium,
606 437 719 517 reliqua
748 455 817 498 vero
844 437 903 498 duo
929 437 1091 499 habitantia
1113 438 1184 499 locis
1200 438 1300 516 potius

155 535 284 596 limosis:
311 535 419 596 horum
447 544 546 597 autem
573 536 701 598 duorum
725 536 852 598 alterum
875 555 940 598 esse
955 531 1094 612 γαλεοάς
1110 537 1154 596 vel
1169 537 1300 616 squalos,

156 634 192 694 ad
218 633 338 714 squalos
363 633 513 714 pertinere
537 634 717 714 squatinam.
748 636 812 708 Oua
828 635 1013 716 expositione
1028 634 1214 715 aliquatenus
1230 654 1300 715 pro-

156 732 244 793 batur
263 732 383 812 quidem
410 734 565 814 squatinae
591 734 623 795 in
639 753 664 795 v.
684 734 744 795 123
760 734 919 807 restitutio,
947 733 1132 814 improbatur
1158 734 1189 794 in
1216 753 1242 794 v.
1258 733 1300 794 34

155 831 245 892 lectio
262 819 387 893 Ulitiana
403 833 499 914 squali
511 851 566 913 pro
582 851 617 894 eo
633 833 712 913 quod
730 842 776 894 est
790 832 897 914 quoles.

243 929 303 990 lam
327 948 396 992 vero
422 932 552 1012 phycis
579 932 713 1012 quamvis
734 933 864 994 saxatilis
885 940 984 993 tamen
1000 931 1082 1008 algae
1101 951 1133 992 se
1159 930 1301 992 inservire

154 1029 220 1108 ipso
236 1029 358 1090 nomine
371 1031 479 1109 prodit,
494 1021 696 1110 singularique
708 1051 766 1111 quo
779 1031 918 1093 utebatur
933 1030 1070 1091 nidorum
1088 1031 1300 1092 struendorum

155 1127 279 1190 artificio
305 1128 376 1189 inde
400 1128 438 1190 ab
453 1129 611 1192 Aristotele
637 1138 699 1192 tam
725 1131 848 1209 insignis
873 1149 939 1191 esse
964 1127 1105 1210 pergebat
1129 1137 1164 1189 ut
1189 1147 1301 1189 nomen

156 1227 255 1306 ipsum
272 1227 422 1306 adponere
434 1237 529 1306 poete
546 1248 570 1289 v.
591 1227 650 1290 122
676 1229 760 1308 plane
786 1229 994 1308 supersederet
1015 1229 1064 1303 (cf.
1081 1225 1190 1306 Haupti
1206 1227 1299 1306 praef.

155 1344 186 1405 p.
202 1322 291 1404 11111)
336 1322 408 1386 ltem
438 1327 602 1388 asellum
634 1326 698 1403 (Ov.
717 1327 791 1407 134)
820 1328 955 1389 limosam
986 1327 1115 1387 maxime
1143 1325 1301 1387 stationem

155 1440 256 1485 amare
271 1422 422 1503 Oppianus
437 1427 585 1487 consentit
602 1426 663 1488 lere
678 1427 727 1490 lv.
744 1427 813 1488 lOl.
845 1425 954 1506 Squilla
971 1424 1014 1486 rel
1030 1424 1130 1486 caris
1146 1423 1213 1501 (Or.
1227 1423 1301 1503 132)

155 1522 234 1602 apud
250 1521 419 1602 Oppianum
446 1523 539 1602 magis
564 1544 633 1586 saxa
658 1526 760 1586 incolit
776 1527 787 1588 l
803 1524 865 1586 262
882 1525 991 1605 quippe
1018 1524 1193 1585 adastacos
1219 1523 1301 1584 locu·

156 1614 456 1700 stasquerertinens
474 1621 598 1702 (1281),
625 1641 714 1702 porro
741 1623 949 1701 lolliginem
973 1622 1038 1696 (Ov.
1056 1621 1129 1701 131)
1156 1622 1300 1701 pelagiam

156 1718 332 1785 Aristoteles
358 1719 477 1799 scripsit
497 1721 590 1782 tren
606 1720 654 1783 32.
687 1722 776 1784 Sues
792 1721 858 1800 (Ov.
876 1720 948 1797 132)
969 1739 1073 1783 arenas
1089 1739 1189 1781 amare
1204 1719 1301 1781 nesci-

157 1835 224 1878 mus
239 1816 299 1879 nisi
314 1818 394 1896 quod
409 1837 425 1879 a
442 1819 592 1881 nonnullis
608 1820 705 1883 vocari
726 1838 812 1882 suem
828 1828 999 1903 ψαμμῖτιν
1023 1814 1161 1902 ὀρυκτὴν
1185 1817 1301 1896 egregie

155 1909 360 1977 hmhestratus
376 1917 553 1997 suppedidat
579 1919 657 1999 apud
672 1919 777 1980 Athen.
796 1918 894 1980 326F.
925 1918 1059 1999 benique
1074 1918 1220 1998 gobium
1236 1916 1301 1996 (οο.

163 2013 302 2091 1311)·οοῖ
322 2033 392 2076 saxa
414 2033 578 2096 arenasque
597 2035 696 2079 amare
717 2025 769 2079 aut
784 2019 876 2080 solam
893 2036 1012 2081 arenam
1028 2036 1095 2079 cum
1113 2016 1222 2088 scribat
1237 2015 1303 2095 Op-

120 2137 123 2142 ·
157 2107 292 2192 pinnas!
310 2114 379 2186 tto,
395 2114 422 2174 ll
438 2114 508 2187 458,
532 2116 697 2177 accuratius
719 2117 874 2179 scholiasta
892 2117 927 2177 ad
945 2114 1083 2178 Nicandri
1098 2117 1178 2176 hlex.
1193 2133 1219 2174 v.
1238 2114 1300 2176 390

156 2211 261 2289 gobios
289 2211 413 2274 adnotat
445 2231 512 2274 esse
547 2215 625 2275 inter
654 2215 789 2294 aquatilia
819 2234 895 2294 quae
923 2215 1002 2295 apud
1030 2213 1209 2276 Nicandrum
1242 2233 1303 2274 πε-

156 2306 310 2392 τρήοντος
337 2303 404 2372 ἀπὸ
435 2307 595 2394 ῥόχθοισι
630 2311 808 2396 θαλάσσης
843 2310 996 2377 κνώδαλα
1032 2305 1212 2395 φοκίοντας
1246 2303 1302 2372 ἀεὶ

157 2401 393 2489 ποριβόσκέται
409 2404 543 2491 ἀτμούς,
573 2411 650 2482 Ouid
678 2430 746 2472 vero
767 2420 853 2491 poeta
869 2409 992 2474 noster?
1018 2429 1080 2472 non
1095 2417 1301 2491 portentosum

157 2498 336 2580 κνώδαλον,
363 2507 414 2568 sed
432 2508 577 2588 placidum
593 2509 701 2572 animal
714 2510 770 2572 sibi
784 2510 879 2582 finxit,
904 2511 955 2591 qui
970 2510 1007 2572 de
1022 2510 1150 2591 gobione
1166 2509 1254 2570 haec:
1276 2519 1303 2569 et

156 2607 242 2684 spino
255 2623 363 2667 noceres
372 2623 432 2668 κοιο
444 2609 543 2687 podius
556 2606 633 2670 ullo!
649 2609 721 2670 Mire
736 2628 753 2670 o
769 2609 847 2671 bone
862 2609 1002 2689 loqueris,
1019 2618 1053 2673 ut
1069 2608 1229 2671 memoriae
1239 2616 1303 2668 tra·

120 2777 123 2780 ⁴
157 2703 208 2765 das
221 2722 296 2783 quae
312 2721 384 2765 non
395 2705 635 2769 habeatanimal:
649 2707 756 2769 addere
768 2716 888 2787 poteras
899 2725 996 2787 neque
1006 2706 1099 2786 gladio
1112 2724 1180 2767 cum
1194 2723 1303 2767 nocere

156 2808 190 2862 ut
201 2801 321 2881 xiphian
333 2818 430 2883 neque
443 2823 545 2866 morsu
554 2815 624 2885 puta
636 2825 735 2886 neque
747 2806 806 2868 oris
820 2822 933 2867 veneno
944 2823 1041 2884 neque
1053 2805 1142 2866 rebus
1153 2803 1303 2884 pluribus:

157 2909 273 2979 poteras
300 2901 384 2981 spina
411 2904 500 2965 etiam
526 2903 597 2965 ulios
623 2905 719 2985 pisces
734 2905 878 2986 plurimos
895 2922 993 2966 carere
1008 2905 1114 2966 dicere.
1146 2903 1202 2964 Sed
1219 2901 1303 2963 aliter

156 3002 266 3064 sodalis
290 3004 365 3065 trus
395 3020 518 3083 graecus
542 3003 593 3082 qui
620 3004 644 3065 ll
660 3003 770 3084 458sq.
803 3022 906 3066 morsu
937 3003 1057 3084 quidem
1089 3002 1130 3064 uti
1162 3001 1302 3082 polypum

157 3098 341 3181 sepiamque‚
358 3101 476 3164 'aculeis
493 3118 563 3163 vero
579 3110 609 3162 et
623 3102 782 3180 gobionem
806 3111 836 3164 et
857 3103 1044 3182 scorpionem
1067 3100 1237 3181 eisdemque
1256 3099 1303 3160 hi·

157 3198 301 3261 rundines
335 3200 480 3262 dracones
506 3218 654 3280 canesque
684 3202 784 3274 docet,
814 3219 918 3262 omnes
948 3219 1000 3262 eos
1029 3211 1063 3262 ut
1092 3199 1303 3279 punctionibus

157 3296 293 3360 letalibus
322 3316 472 3360 venenum
503 3298 635 3360 mittant:
666 3294 788 3371 πάντες
817 3293 1013 3381 ἀταρτηροῖς
1042 3292 1109 3360 ὑπὸ
1139 3292 1304 3378 νύγμασιν

160 3393 213 3459 ἰὸν
233 3392 361 3472 ’λέντες-ς
395 3405 484 3477 atque
513 3396 670 3458 scholiasta
700 3398 872 3477 scorpiones
905 3397 1109 3475 gobionesque
1138 3396 1186 3455 ad¹
1204 3394 1303 3455 locum

158 3492 261 3565 scribit
286 3495 405 3558 eosdem
432 3514 497 3557 esse
522 3513 599 3574 quos
617 3496 803 3577 κεντρίνοος
822 3495 931 3556 inloto
947 3495 1053 3573 degere
1070 3492 1224 3574 Oppianus
1239 3511 1304 3553 me·

139 3593 445 3662 21uoraveratl378.
487 3594 589 3656 Paullo
616 3594 702 3655 aliter
716 3592 853 3655 helianus
880 3593 904 3654 ll
920 3593 978 3654 50:
1006 3585 1225 3664 ἀπονύξαντες
1253 3588 1304 3653 ἰὸν

158 3687 304 3774 ἀφιᾶσιν
330 3686 461 3770 ἰχθύων
485 3690 607 3773 κωβιὸς
622 3689 678 3753 καὶ
693 3688 826 3772 δράκων
841 3686 897 3753 καὶ
911 3687 1063 3769 χελιδών,
1093 3685 1137 3754 od
1163 3689 1242 3773 μην
1267 3686 1305 3762 ἐς

159 3788 363 3855 θάνατον·
392 3786 414 3874 ἦ
438 3790 564 3874 τρυγών
589 3787 627 3853 δὲ
652 3785 845 3853 ἀποκτείνει
871 3790 1073 3874 παραχρῆμα
1098 3789 1144 3871 τῷ
1164 3791 1304 3871 κέντρῳ,

159 3890 216 3953 nisi
246 3894 323 3952 forte
352 3890 432 3951 vocis
461 3909 539 3970 quae
565 3889 642 3970 apud
666 3889 833 3970 Oppianum
865 3898 910 3952 est
938 3884 1133 3972 ἀταρτηροῖς
1162 3886 1304 3968 syllabam

94 4048 97 4053 ⁴
156 3989 287 4069 primam
319 3986 377 4049 vim
408 3989 487 4068 quod
517 3988 565 4050 vix
591 3989 694 4050 credas
721 3988 887 4068 negativam
914 3988 1023 4050 habere
1048 3996 1134 4068 poeta
1162 3977 1303 4047 voluerat.

160 4087 221 4147 lam
249 4086 356 4157 latinus
372 4096 458 4166 poeta
475 4105 529 4167 pro
545 4087 647 4149 aculeo
664 4087 781 4166 spinam
808 4087 919 4167 quippe
946 4088 976 4147 in
1002 4105 1088 4148 versu
1115 4101 1230 4165 ponere
1255 4082 1303 4143 in·

159 4183 305 4257 solentius
331 4203 421 4247 ausus
448 4193 502 4247 est.
543 4186 648 4248 Potest
672 4194 774 4247 tamen
800 4185 928 4247 conferri
953 4186 1032 4266 quod
1059 4185 1095 4244 de
1115 4199 1224 4244 araneo
1245 4179 1306 4241 Pli-

161 4282 229 4345 nius
251 4283 291 4345 lll
313 4285 388 4346 155:
428 4301 514 4364 oeque
538 4286 707 4364 pestiferum
737 4284 849 4348 animal
877 4303 1003 4347 araneos
1031 4285 1129 4362 spiam
1158 4282 1189 4340 tit
1220 4280 1306 4340 dorso

162 4382 262 4445 oculeo
281 4386 402 4458 nomam
426 4383 467 4444 ita
494 4390 528 4444 ut
553 4380 643 4444 etiam
668 4383 834 4463 lragmento
861 4385 902 4446 illi
922 4380 1091 4464 Epicharmi
1112 4378 1189 4459 apud
1213 4378 1305 4440 Athe·
