2924 5018
480 846 624 951 Ouidi
661 845 954 949 Helieutma.

248 1122 400 1204 Praecepit
422 1125 552 1186 muudus
576 1125 680 1204 legem,
703 1122 786 1186 dedit
808 1139 890 1185 arma
912 1140 964 1202 per
987 1140 1093 1185 omnes

248 1221 469 1302 Admonuitque
491 1222 548 1284 sui.
590 1222 704 1285 titulus
727 1222 771 1285 sic
792 1239 922 1302 namque
944 1221 1087 1295 minatur,

248 1322 305 1395 Qui
329 1322 463 1385 nondum
484 1322 561 1402 gerit
583 1322 615 1384 iu
638 1330 742 1384 tenera
764 1320 821 1384 iam
845 1337 957 1382 cornua
981 1320 1089 1391 fronte.

250 1419 299 1481 Sic
321 1419 457 1482 dammae
480 1420 608 1500 lugiunt
630 1429 765 1502 pugnant
785 1420 895 1482 virtute
916 1418 1018 1482 leones

209 1526 224 1575 5
251 1519 288 1580 Et
310 1537 413 1580 morsu
436 1519 518 1582 canis
535 1529 570 1589 et
592 1520 701 1584 caudae
723 1519 767 1583 sic
788 1517 923 1598 scorpius
944 1517 1003 1580 ictu

250 1617 468 1700 Concussisque
490 1618 561 1682 levis
583 1619 683 1701 pinnis
705 1620 748 1682 sic
770 1618 866 1681 evolat
888 1616 956 1679 ales.

250 1717 395 1779 Omnibus
417 1718 534 1797 ignotae
555 1719 661 1782 mortis
683 1718 791 1795 timor„
806 1715 945 1779 omnihus
966 1717 1081 1780 hostem

249 1815 475 1897 Perniciemque
496 1817 598 1880 datum
622 1818 733 1881 sentire
756 1826 787 1881 et
808 1823 932 1878 noscere
954 1816 1006 1877 teli

250 1915 373 1996 Vimque
395 1915 577 1997 modumque
598 1917 655 1980 sui.
700 1917 750 1979 Sic
772 1924 802 1979 ot
822 1934 923 1978 scarus
944 1923 1008 1978 arte
1030 1915 1085 1978 sub
1108 1917 1194 1979 nudis

196 2026 225 2074 lo
249 2015 280 2077 Si
303 2032 381 2075 nassa
400 2031 488 2091 ceptus
507 2025 608 2094 despe,
626 2027 740 2094 piscator
758 2027 866 2095 etipse,

250 2115 365 2178 ueeiuit
385 2115 585 2198 adsutamque
604 2117 671 2179 dolo
695 2117 816 2180 tandem
840 2125 926 2198 pavet
948 2133 1055 2188 escam,
1080 2138 1082 2143 ·

250 2215 316 2276 Non
339 2214 429 2278 audet
450 2214 539 2278 radiis
561 2215 668 2277 obnixa
692 2231 846 2277 occurrere
869 2215 976 2286 ironte,

251 2314 378 2375 dvorsus
401 2313 504 2377 crebro
527 2314 624 2376 vimen
648 2313 699 2375 sed
722 2313 844 2376 verbere
865 2312 976 2376 caudae

251 2412 365 2474 Laxans
388 2411 580 2494 subsequitur
601 2421 762 2494 tutumque
783 2412 881 2477 evadit
902 2412 934 2475 in
958 2408 1078 2493 aequor.

196 2519 226 2569 15
252 2512 332 2586 Quin
355 2512 443 2573 etiam
466 2512 492 2573 si
513 2514 591 2575 forte
614 2512 699 2583 alius,
723 2513 773 2592 qui
795 2511 903 2574 damna
927 2513 1048 2586 notarit,

251 2610 329 2672 illitis
351 2610 512 2673 luctantem
535 2628 637 2674 scarus
659 2610 794 2674 huncio
816 2610 927 2673 vimine
950 2610 1033 2682 vidit,

251 2709 350 2771 dversi
374 2708 497 2771 caudam
522 2728 623 2772 morsu
645 2717 727 2772 tenet
750 2718 840 2790 etque
863 2710 988 2783 lacessit,
1060 2727 1063 2731 ’

252 2810 350 2871 lionec
372 2817 487 2870 servato
511 2827 600 2889 quem
623 2809 699 2871 texit
720 2808 782 2871 cire
804 2808 938 2871 resultet.

252 2907 339 2987 Sepia
362 2907 444 2969 tarda
465 2907 561 2987 fugae,
584 2908 668 2970 tenui
691 2926 759 2970 oum
781 2907 860 2969 torte
882 2906 937 2969 sub
960 2908 1039 2970 unda

194 3015 226 3067 20
253 3007 402 3087 Deprensa
425 3007 549 3069 ostiam
573 3007 692 3089 iamque
715 3024 821 3070 manus
844 3006 927 3069 timet
949 3007 1018 3071 hille
1041 3009 1164 3090 rapacis,

253 3105 390 3178 inficiens
412 3125 524 3186 aequor
546 3107 665 3186 nigrum
688 3107 780 3170 vomit
802 3106 850 3168 illa
871 3125 1007 3170 cruorem

252 3204 424 3288 Avertitque
447 3204 506 3267 vias
529 3205 632 3269 oculos
654 3206 795 3270 frustrata
817 3205 980 3287 sequentis.

252 3305 374 3367 Clausus
398 3312 463 3367 rete
486 3305 584 3386 lupus,
607 3307 742 3386 (quamvis
764 3304 878 3368 inmitis
901 3312 931 3366 et
953 3322 1029 3376 acer,

252 3402 377 3466 llimotis
400 3403 492 3468 cauda
513 3403 680 3468 submissus
701 3404 771 3468 sidit
792 3402 889 3467 arenis

196 3511 228 3563 25
250 3511 278 3565 ln
296 3508 419 3579 foveaque
437 3512 533 3580 iacens,
555 3512 599 3564 uhi
617 3519 673 3564 rete
691 3513 795 3565 levatur
811 3502 844 3565 in
866 3519 962 3577 auraS,

252 3602 368 3665 Emicat
389 3611 478 3684 atque
501 3601 585 3664 dolos
608 3610 674 3663 astu
697 3601 811 3664 deludit
832 3601 955 3664 inultus.

251 3701 290 3764 Et
312 3718 437 3764 murena
458 3700 553 3773 ferox,
575 3700 671 3762 teritis
693 3700 750 3762 sibi
772 3700 891 3765 conscia
912 3699 998 3779 tergi,

253 3800 296 3863 Ad
319 3800 410 3863 laxata
434 3800 526 3881 magis
550 3799 655 3862 conixa
676 3800 823 3863 foramina
846 3799 919 3863 retis

252 3900 384 3963 Tandem
407 3918 462 3981 per
483 3900 593 3962 multos
615 3898 713 3961 evadit
734 3900 846 3963 lubrica
867 3901 961 3962 flexus

197 4007 229 4058 30
255 3999 456 4079 Exemploque
480 4018 593 4061 nocens
616 3999 730 4061 cunctis
753 3999 810 4061 iter
832 3998 948 4061 invonit
969 4017 1037 4063 una.

254 4100 298 4161 nt,
314 4108 416 4161 contra
437 4097 567 4181 seopulis
591 4097 694 4161 crinali
716 4116 841 4179 corporo
861 4097 962 4178 segnis

154 4220 366 4235 -u-——n———O

224 4266 366 4341 1.p.1oo.
386 4272 464 4339 p.12.
503 4262 670 4340 2·p.13sq.
710 4260 742 4323 8·
759 4287 782 4338 p.
797 4271 836 4323 14.
872 4261 959 4324 8-6.
977 4287 1001 4338 p.
1018 4271 1057 4322 16.
1093 4260 1124 4322 7.
1151 4261 1183 4323 8.
1201 4272 1296 4339 p.102.

146 4349 208 4410 11).
234 4374 257 4425 p.
279 4357 320 4409 rs.
383 4346 434 4408 11.
459 4370 484 4422 p.
508 4355 549 4408 rs.
612 4346 663 4407 15.
690 4372 714 4422 p.
736 4355 835 4422 seqq.
900 4343 1067 4420 15511.
1130 4343 1180 4405 18.
1209 4370 1232 4421 p.
1254 4354 1296 4406 so.

154 4430 207 4492 20.
225 4455 249 4506 p.
263 4439 341 4506 lisq.
388 4429 441 4492 ἥ.
459 4454 482 4507 p.
498 4439 539 4490 71.
582 4426 635 4492 28.
652 4438 731 4505 1574.
778 4428 831 4490 26.
848 4454 873 4505 p.
885 4436 927 4490 to.
961 4425 1014 4490 27·
1032 4451 1057 4504 p.
1070 4435 1111 4488 70.
1146 4426 1199 4490 dl.
1217 4438 1296 4503 pd'l.
