2924 5018
605 239 850 303 -156-

156 415 244 476 etiam
274 421 380 495 poetae
410 415 524 476 cuidam
556 415 689 477 eiusdem
724 418 787 478 lere
819 416 925 478 aetatis
951 416 1104 495 placuisse
1137 417 1320 489 ostendam

157 533 226 575 nam
259 514 291 575 in
314 513 423 576 Nucis
450 514 541 594 elegia
567 515 651 577 cuius
673 515 872 578 emendationi
895 522 1015 595 tempus
1037 514 1186 577 debitum
1211 534 1321 578 nemo·

156 613 227 674 dum
250 612 422 693 impendere
444 614 554 675 vacavit
575 633 644 676 cum
668 614 911 695 corruptissimus
932 632 1035 676 versus
1058 615 1101 676 sit
1115 613 1180 674 95:

257 737 379 798 Lamina
403 737 496 799 mollis
519 737 615 800 adbuc
636 738 821 800 tenetosin
843 739 928 812 lacte,
951 736 1030 819 quod
1053 737 1139 799 intre
1163 746 1217 800 est

156 881 255 944 neque
278 864 439 945 quidquam
462 864 541 944 quod
564 865 623 927 veri
648 875 678 928 et
700 864 821 945 ingenui
843 865 938 929 simile
965 864 1045 927 dicas
1068 862 1244 927 doctorum
1266 880 1318 925 sa-

156 963 265 1042 gacitas
287 963 442 1042 indagarit,
479 963 556 1025 banc
589 962 660 1025 mibi
683 964 877 1046 scriptionem
901 981 1008 1026 sensus
1030 980 1177 1025 summus
1203 961 1317 1043 ubique

156 1054 261 1124 auctor
282 1060 428 1124 obtrudit:

257 1173 293 1234 nt
316 1173 389 1235 mibi
412 1182 544 1236 maturos
566 1192 719 1255 uunquam
741 1175 810 1237 licet
831 1174 919 1237 edere
940 1175 1054 1234 foetus:

299 1273 375 1335 Ante
398 1273 534 1354 diemque
557 1292 639 1336 meac
662 1274 854 1336 decutiuntur
877 1292 957 1353 opes.

258 1372 379 1435 Lamina
402 1372 498 1435 mollis
521 1374 616 1437 adbuc
638 1373 803 1435 ostendit
824 1373 899 1433 lacte
923 1369 1002 1451 quod
1024 1368 1109 1430 intro
1133 1375 1186 1431 est

299 1470 466 1534 Frondibus
489 1480 519 1533 et
542 1472 653 1533 teneris
675 1490 737 1534 uon
760 1471 859 1532 minus
881 1470 944 1551 ipsa
967 1468 1055 1531 viret:

257 1569 319 1631 lam
343 1578 443 1633 tamen
464 1570 598 1632 invenias
621 1570 672 1651 qui
695 1589 742 1632 me
763 1569 929 1633 iaculentur
944 1585 1004 1647 eqs.
1096 1599 1100 1605 ·
1162 1600 1166 1605 ·

157 1680 274 1743 Scilicet
305 1700 359 1762 pro
394 1702 429 1745 eo
463 1702 551 1746 versu
584 1683 635 1763 qui
667 1683 743 1744 solet
774 1682 889 1763 placere
915 1689 984 1762 post
1004 1677 1087 1741 1195
1110 1676 1263 1740 futtiliter
1281 1696 1313 1739 ac

157 1797 250 1860 paene
273 1780 393 1843 ridicule
416 1781 612 1862 interpolato:

301 1893 362 1954 Nec
384 1894 459 1955 mala
482 1903 554 1956 sunt
575 1894 626 1956 ulli
649 1901 753 1956 nostra
774 1893 876 1956 futura
898 1893 977 1955 bbno

157 2003 296 2065 vicariurn
312 2023 366 2084 pro
389 2005 528 2066 facultate
551 2014 652 2068 nostra
675 2014 777 2086 aptum
801 2003 975 2067 substruere
997 1999 1095 2064 conati
1118 2017 1242 2061 sumus.

243 2102 338 2181 Atque
370 2103 428 2164 iam
452 2103 529 2165 Plini
551 2104 689 2166 manibus
711 2112 860 2166 versatum
881 2102 1071 2165 Aristotelem
1093 2098 1223 2161 latinum
1248 2114 1309 2159 esee

159 2208 394 2263 consentaneum
425 2201 471 2264 sit.
516 2203 620 2264 Nescio
644 2213 741 2266 autem
766 2222 838 2264 num
865 2201 1010 2282 explicare
1036 2198 1197 2260 inderem
1223 2196 1307 2259 liceat

158 2299 337 2378 stupendam
364 2300 427 2362 iere
459 2310 489 2362 et
520 2302 603 2364 cuius
626 2322 642 2364 a
665 2320 737 2364 sano
760 2320 879 2381 quoque
901 2297 1006 2379 uliquis
1033 2296 1198 2377 explicatus
1233 2292 1306 2374 exigi

159 2396 274 2460 debeat.
317 2399 421 2459 Risum
444 2400 577 2462 contine:
606 2401 720 2464 Plinius
737 2400 855 2464 1111140
877 2400 1022 2461 bonosum
1051 2396 1084 2458 in
1104 2394 1177 2474 iuga
1198 2392 1305 2455 fimum

159 2496 282 2557 reddere
303 2498 417 2559 iocatur
438 2500 550 2561 trium
574 2499 748 2579 iugerum
776 2497 1035 2578 longitudine:
1058 2493 1109 2557 sed
1132 2491 1305 2555 Aristoteles

159 2594 271 2674 optime
293 2614 321 2676 p.
338 2597 399 2658 630
415 2597 438 2658 Β
454 2596 489 2660 8:
525 2594 683 2679 ἀμύνεται
710 2595 748 2660 δὲ
772 2593 934 2669 λακτίζων
963 2594 1019 2656 καὶ
1042 2586 1306 2674 προςαφοδαὶων

160 2690 215 2754 καὶ
257 2692 315 2767 εἷς
351 2696 545 2777 τέτταρας
580 2689 750 2778 ὀργυιὰς
785 2691 846 2779 ἀφ’
871 2691 989 2758 ἑαυτοῦ
1015 2689 1153 2776 ῥίπτων.
1202 2689 1306 2769 ltaque

160 2793 239 2855 unde
270 2793 381 2855 lactum
416 2795 454 2856 sit
491 2797 629 2876 speculor
650 2804 685 2857 ut
717 2813 777 2857 nou
811 2795 908 2857 solum
938 2799 1017 2853 tres
1044 2796 1231 2871 ponerentur
1252 2804 1306 2869 pro

160 2899 356 2971 quattuor,
389 2894 440 2954 sed
475 2893 562 2955 etiam
596 2885 651 2973 pro
685 2891 861 2974 passibus
897 2890 944 2954 vel
975 2882 1077 2953 ulnis
1112 2884 1218 2966 (ulnae
1251 2902 1305 2967 pro

160 2990 267 3069 orgyiis
288 2990 401 3069 positae
419 2990 495 3052 Plin.
511 2990 574 3053 XVl
589 2991 651 3053 202
668 3000 698 3054 ct
716 2991 788 3067 133)
811 2993 857 3053 vel
878 3010 932 3071 pro
949 3004 1089 3052 mensura
1104 2984 1194 3048 simili
1209 3001 1306 3066 pone·

160 3095 265 3150 rentur
286 3088 415 3168 iugera
438 3090 561 3153 omnino
577 3110 610 3153 ea
632 3112 648 3153 a
671 3090 903 3171 longitudinibus
919 3085 1108 3168 designandis
1122 3083 1221 3146 aberra
1236 3079 1305 3161 (nisi

160 3189 239 3268 quod
262 3190 354 3251 semel
376 3193 597 3272 sesquiiugernm
620 3191 660 3253 ita
682 3191 759 3272 apud
776 3190 905 3252 Plinium
922 3187 1044 3267 legimus
1059 3192 1093 3246 ut
1115 3180 1305 3245 latitudinem

160 3287 294 3368 designet
314 3290 350 3351 lV
371 3289 434 3367 31),
468 3308 527 3369 quo
561 3307 662 3351 errore
695 3298 725 3351 et
757 3289 820 3368 ipsa
853 3289 900 3350 illa
933 3284 1037 3348 bouasi
1058 3283 1151 3344 virtus
1173 3281 1306 3343 immane

160 3395 306 3467 quantum
340 3385 554 3467 exaggeratur?
598 3390 642 3450 bn
666 3388 810 3468 scriptum
834 3387 903 3448 olim
937 3401 1039 3464 graece
1065 3377 1121 3443 καὶ
1151 3378 1201 3454 εἰς
1229 3379 1307 3461 τρία

160 3483 296 3567 πλέθρα
321 3486 413 3548 luisse
436 3487 572 3566 cuiquam
588 3483 840 3566 persuadebitur?
864 3484 941 3559 Quid
964 3477 1056 3545 vero?
1079 3479 1158 3560 apud
1172 3479 1306 3560 Trogum

159 3583 304 3663 scriptum
328 3585 419 3647 luisse
439 3586 502 3647 fere
524 3587 567 3648 sic
586 3604 755 3649 sumamus:
780 3584 908 3666 defendit
928 3602 957 3647 se
977 3585 1017 3644 ite
1037 3590 1070 3642 ut
1090 3588 1200 3641 necea
1220 3594 1307 3643 1111111

159 3681 261 3744 reddet
281 3693 308 3744 et
329 3695 483 3763 pectentes
495 3703 548 3764 per
562 3688 677 3763 erpuino
699 3685 780 3764 leupo
800 3684 957 3746 iaculetur:
980 3680 1065 3744 solita
1080 3676 1196 3740 Plinius
1218 3674 1305 3739 lesti-

160 3779 280 3842 natione
302 3799 398 3861 neque
419 3785 530 3861 graecis
552 3781 729 3845 lectionibus
751 3783 841 3845 nimis
862 3783 1005 3846 adsuetus
1026 3779 1123 3857 legere
1144 3775 1202 3839 sibi
1224 3774 1307 3838 vide·

160 3879 264 3941 batur:
296 3890 328 3941 ut
360 3891 467 3942 stenem
498 3900 582 3943 eornm
614 3882 717 3944 reddet
748 3892 831 3963 atquc
864 3892 946 3945 terno
964 3897 1018 3960 por
1038 3881 1136 3956 rupea
1162 3872 1308 3936 temutes

163 3977 222 4053 (bie
242 3976 290 4039 ille
313 3995 471 4057 errorque
493 3979 524 4041 in
541 3981 669 4043 llomero
685 3981 774 4043 latino
790 3999 815 4042 v.
835 3978 889 4042 181
911 3966 999 4042 etiam
1014 3973 1167 4055 Longeque
1181 3972 1307 4037 mdeste

160 4075 299 4138 scribitur
320 4095 374 4157 pro
396 4075 493 4158 Longu
515 4082 718 4160 pnotmdenis).
762 4081 907 4143 Audacior
936 4075 1104 4140 coniectura
1127 4069 1179 4134 sed
1200 4079 1306 4133 tamen

160 4193 219 4255 qua
241 4174 320 4237 credi
344 4175 526 4239 incredibilia
548 4180 714 4260 prohibeas.

246 4273 389 4356 Superest
398 4276 485 4358 Trogi
504 4278 585 4339 locus
601 4281 678 4361 apud
691 4278 819 4342 Plinium
830 4277 881 4341 Vll
893 4276 933 4339 33
950 4275 986 4338 de
1003 4292 1063 4356 quo
1080 4268 1169 4333 verba
1181 4268 1306 4333 iecerint

161 4378 191 4434 et
210 4381 332 4455 propter
346 4391 409 4438 rem
426 4383 456 4439 et
470 4385 504 4439 ut
519 4396 607 4458 quam
624 4378 719 4441 mutili
736 4376 898 4441 Aristotelis
913 4375 981 4438 libri
995 4375 1131 4453 legantur
1145 4367 1304 4433 illustrem.
