2924 5018
609 291 855 357 -129-

228 469 278 547 (Χ)
301 464 322 552 η“
344 465 467 553 σκάρον
488 466 508 553 ἢ
530 469 645 532 κῶθον
665 470 807 552 τροφίην
829 466 885 530 καὶ
908 465 1050 531 άναιδέα
1071 459 1147 552 λίην
1222 505 1224 508 <

302 565 439 647 χάννους
460 562 491 630 τ’
514 564 667 647 έγχέλυάς
688 590 724 629 τε
745 566 803 628 καί
825 565 976 649 ἐννυχίην
990 563 1129 631 πύτινον

302 662 322 749 ἢ
359 662 444 749 μύας
478 663 499 750 ἢ
536 672 663 742 ίππους
699 661 736 749 ἠὲ
771 663 916 748 γλαυκην
963 662 1139 751 κορύδυλιν
1177 664 1251 742 (304
1270 664 1305 734 Ε,

905 763 1306 844 συνκλειόμενοι)

216 863 282 944 (xl)
305 860 420 927 ἄλλοτε
453 861 633 949 καρχαρίην
665 859 721 928 διδ
755 861 792 926 δέ
815 859 937 947 ῥόθιον
958 862 1150 949 ψαμαθῖδα
1182 863 1256 941 (306
1272 864 1304 935 Β,

1191 961 1305 1038 3271)

201 1063 281 1144 (Xll)
303 1060 440 1146 ῥηϊδίως
463 1064 603 1129 ἕλκοιο
625 1067 681 1128 καὶ
705 1063 839 1148 αἰολίην
861 1072 1038 1148 κορακῖνον
1059 1060 1183 1142 (30811)

188 1163 280 1243 (xllu
303 1163 493 1250 κανθαρίδα
515 1174 750 1249 προφανεῖσαν
773 1157 891 1226 ὕαινάν
912 1185 947 1226 τε
969 1159 1103 1245 τρίγλην
1124 1184 1160 1224 τε
1182 1159 1257 1241 (326
1270 1161 1305 1237 F)

192 1261 280 1342 (xlv)
303 1260 324 1346 ἢ
345 1261 455 1349 ψόρον
477 1261 498 1350 ἢ
520 1261 652 1337 σάλπας
673 1260 693 1345 ἢ
716 1260 876 1346 αἰγιαλῆα
897 1256 1065 1344 δράκοντα
1087 1259 1163 1341 (313
1176 1261 1211 1339 Ε)

201 1361 278 1443 (XV)
411 1351 413 1357 ¹
723 1356 837 1425 ἄλλοτ’
861 1358 1004 1443 ἐρυθρόν

303 1457 432 1542 κόκκυγ’
456 1459 478 1546 ἢ
499 1454 614 1541 όλίγας
630 1460 856 1545 πεμφηρίδας,
880 1455 997 1522 ἄλλοτε
1019 1457 1143 1542 σαῦρον
1158 1457 1234 1540 (309
1246 1457 1291 1538 F).

158 1587 280 1650 λίνοιο
296 1587 329 1650 in
345 1589 399 1651 elie
414 1597 495 1651 certe
509 1589 587 1651 serie
602 1584 733 1669 positum
749 1588 808 1649 hoc
823 1589 1023 1668 fragmentum
1038 1586 1150 1656 fuerat:

192 1698 281 1777 (xvi)
303 1696 323 1783 ἢ
346 1696 474 1784 σπάρον
496 1697 516 1783 ἢ
538 1696 618 1774 ὕκας
640 1695 816 1782 ἀγεληίδας
836 1695 857 1782 ἢ
879 1694 938 1760 ἐπὶ
960 1693 1090 1781 φάγρον

302 1801 404 1883 πέτρη
429 1795 620 1882 ἀλωόμενον
642 1794 727 1881 (anri
750 1795 808 1860 ἐπὶ
825 1799 927 1882 πέτρη
949 1792 1078 1879 φάγρον
1092 1789 1306 1887 άλωόμενονλ

1012 1894 1108 1958 mro
1124 1893 1161 1958 of.
1179 1893 1240 1956 320
1253 1894 1306 1974 n);

162 2041 231 2084 nem
257 2016 319 2108 όκη
346 2024 403 2088 iem
420 2025 452 2087 in
468 2026 504 2085 sr.
520 2024 583 2085 Vlll
598 2023 704 2104 legitur
718 2040 816 2104 neque
837 2021 882 2084 bis
906 2021 938 2084 in
964 2022 1067 2084 eadem
1094 2022 1172 2083 serie
1196 2021 1305 2083 habere

159 2123 256 2185 iocum
272 2133 398 2204 poterat,
413 2124 493 2205 quod
508 2124 586 2185 idem
599 2123 676 2185 velet
687 2123 723 2185 de
735 2122 846 2203 phagro
859 2121 910 2201 qui
926 2121 1078 2200 legebatur
1092 2120 1149 2182 iem
1166 2119 1196 2181 in
1209 2120 1244 2180 fr.
1259 2119 1303 2181 Vi.

158 2223 228 2284 ldeo
244 2230 274 2283 et
290 2223 346 2285 hoe
359 2228 559 2302 fragmentum

177 2333 279 2412 (xvll)
300 2331 461 2412 γλαύκους
482 2332 502 2419 ἢ
525 2330 637 2418 ὀρφῶν
660 2329 778 2395 ἔναλον
799 2333 892 2409 γένος
913 2327 950 2416 ἦέ
971 2329 1164 2414 μελάγχρων

302 2430 473 2514 κόσσυφον
493 2430 515 2517 ἢ
536 2429 649 2511 κίχλας
672 2427 853 2505 ἁλιειδέας,
876 2426 993 2494 ἄλλοτε
1016 2427 1050 2493 δ’
1074 2427 1156 2514 άλλη

303 2532 427 2617 σαργόν
459 2530 677 2596 ἐπικέλσοντα
708 2528 1011 2613 λινοπληγέστατον
1046 2527 1147 2610 ίχθόν
1181 2529 1255 2607 (305
1273 2530 1304 2601 C,

1008 2629 1067 2692 321
1082 2630 1119 2706 B3
1142 2634 1178 2692 cf.
1195 2629 1256 2692 315
1268 2629 1304 2707 Β)

160 2751 190 2805 et
211 2745 338 2806 alterum
360 2744 419 2806 hoc

162 2868 278 2951 (xvln)
300 2866 417 2934 ἄλλοτε
444 2863 476 2932 δ’
504 2863 546 2933 αὖ
569 2871 692 2953 πέρκας
715 2863 769 2932 ὅτε
791 2866 829 2931 δέ
852 2863 1042 2953 στροφάδας
1064 2842 1158 2952 παρὰ
1179 2867 1303 2950 πέτρην

302 2961 444 3052 φυκίδας
466 2963 637 3053 ἀλφηστήν
658 2991 693 3030 τε
714 2967 771 3030 καὶ
793 2965 829 3029 ἐν
850 2966 1003 3056 χροιῇσιν
1025 2963 1170 3052 ἐρυθρόν

302 3069 464 3150 σκορπίον
495 3064 515 3151 ἢ
549 3069 706 3149 πέρκαισι
735 3065 928 3150 καθηγητήν
949 3065 1153 3150 μέλανονρον
1180 3066 1255 3146 (319
1271 3066 1304 3138 Β,

905 3165 1003 3228 32οΕ
1020 3167 1056 3228 cf.
1074 3165 1176 3227 3131).
1194 3164 1256 3227 282
1268 3167 1304 3240 Α)

158 3291 231 3355 neec
258 3293 380 3373 inquam
407 3300 541 3372 separata
572 3299 732 3370 utrumque
755 3311 773 3354 e
796 3253 835 3352 ir.
853 3292 901 3355 Vll
917 3292 1102 3372 *legebantur
1129 3301 1158 3353 et
1184 3298 1305 3372 propter

159 3392 322 3471 orphornm
350 3399 380 3454 et
405 3399 526 3472 propter
552 3390 744 3471 scorpionum
765 3392 968 3467 mentionem3
993 3410 1088 3471 neque
1104 3410 1173 3453 cum
1188 3391 1224 3452 fr.
1241 3390 1305 3452 vlu

159 3509 219 3555 uua
246 3489 303 3570 legi
328 3490 364 3551 fr.
382 3489 459 3552 XVII
482 3499 602 3571 propter
628 3489 752 3550 eandem
780 3490 963 3553 mentionem
991 3490 1153 3571 orphorum
1177 3497 1303 3569 poterut.

158 3589 216 3651 Sed
242 3598 343 3653 temen
369 3608 407 3651 ne
435 3609 553 3671 semper
568 3587 751 3651 Numenium
772 3589 887 3650 eridum
912 3590 993 3651 hunc
1013 3590 1117 3652 stilum
1138 3589 1304 3652 exercuisse
1421 3580 1423 3586 ⁸

158 3688 271 3763 credes,
297 3689 333 3751 ad
360 3687 439 3750 eliud
465 3707 560 3769 genus
590 3686 803 3768 pisciculorum
835 3689 1011 3769 cupiendum
1038 3688 1177 3783 viridiore
1207 3687 1305 3750 colore

157 3787 350 3868 procedebat:
739 3861 742 3867 Ι

189 3899 282 3980 (ΧΙΧ)
456 3897 496 3963 σύ
518 3894 552 3962 δ’
576 3895 693 3963 ἄνκαὶ
716 3894 846 3978 χαλκίδ’
869 3897 1002 3985 έκείνη

273 3993 407 4117 lotricem
429 3993 611 4082 ἀμπείραις
633 3992 787 4081 ὀλίγην
808 3998 875 4061 καὶ
898 3997 1040 4082 μαινίδα
1062 3998 1136 4077 (328
1151 4000 1204 4077 D);

156 4137 257 4221 itaque
279 4106 452 4223 u'fflscinae
474 4147 537 4204 erte
559 4158 616 4219 qua
639 4141 738 4220 pisces
761 4140 861 4219 magni
890 4141 1023 4220 figuntur
1053 4143 1089 4204 ed
1119 4127 1200 4204 vesta
1229 4140 1304 4202 retia

156 4239 293 4318 parvulis·
311 4239 425 4320 aptiore
451 4239 491 4301 ite
521 4239 647 4303 troducit
668 4240 808 4300 lectorem
835 4248 868 4302 nt
894 4239 1162 4321 „frustre‘inquiet
1187 4239 1308 4302 fuscina·

157 4335 284 4422 (ἐκείνη
311 4357 351 4400 sc.
378 4336 418 4427 τῇ
443 4340 593 4421 τριαίνη)
623 4349 657 4404 tu
687 4348 718 4400 et
746 4339 860 4402 chelcin
886 4340 1069 4402 transfixeris
1100 4340 1244 4415 minutam
1258 4386 1261 4390 n
1275 4347 1305 4400 et

157 4444 326 4511 maenom‘,
347 4456 406 4517 qno
429 4441 493 4500 loco
519 4439 554 4501 ad
581 4448 721 4520 capturae
748 4456 855 4518 genere
870 4439 1049 4518 dispositum
1065 4456 1186 4502 carmen
1201 4456 1304 4501 revere
1401 4463 1420 4485 ‘-

186 4535 277 4589 Birt,
292 4534 321 4580 de
336 4535 479 4582 bellenticis.
1128 4542 1144 4596 9
