<?xml version="1.0" encoding="UTF-8"?>
<!DOCTYPE html PUBLIC "-//W3C//DTD XHTML 1.0 Transitional//EN"
    "http://www.w3.org/TR/xhtml1/DTD/xhtml1-transitional.dtd">
<html xmlns="http://www.w3.org/1999/xhtml" xml:lang="en" lang="en">
 <head>
  <title>
</title>
<meta http-equiv="Content-Type" content="text/html;charset=utf-8" />
  <meta name='ocr-system' content='tesseract 3.04.00' />
  <meta name='ocr-capabilities' content='ocr_page ocr_carea ocr_par ocr_line ocrx_word'/>
</head>
<body>
  <div class='ocr_page' id='page_1' title='image "./dehalieuticisov01birtgoog_0059.png"; bbox 0 0 2924 5018; ppageno 0'>
   <div class='ocr_carea' id='block_1_1' title="bbox 618 245 839 308">
    <p class='ocr_par' dir='ltr' id='par_1_1' title="bbox 618 245 839 308">
     <span class='ocr_line' id='line_1_1' title="bbox 618 245 839 308; baseline -0.005 -17"><span class='ocrx_word' id='word_1_1' title='bbox 618 245 839 308; x_wconf 66' lang='lat'>..40-</span> 
     </span>
    </p>
   </div>
   <div class='ocr_carea' id='block_1_2' title="bbox 157 413 1310 898">
    <p class='ocr_par' dir='ltr' id='par_1_2' title="bbox 157 413 1310 590">
     <span class='ocr_line' id='line_1_2' title="bbox 158 413 1310 506; baseline -0.012 -17"><span class='ocrx_word' id='word_1_2' title='bbox 158 445 244 489; x_wconf 86' lang='lat' dir='ltr'><strong>mona</strong></span> <span class='ocrx_word' id='word_1_3' title='bbox 271 426 351 506; x_wconf 88' lang='lat' dir='ltr'><strong>quod</strong></span> <span class='ocrx_word' id='word_1_4' title='bbox 381 424 557 506; x_wconf 87' lang='lat' dir='ltr'><strong>opusculum</strong></span> <span class='ocrx_word' id='word_1_5' title='bbox 586 422 631 485; x_wconf 92' lang='lat' dir='ltr'><strong>bis</strong></span> <span class='ocrx_word' id='word_1_6' title='bbox 653 421 789 484; x_wconf 90' lang='lat' dir='ltr'><strong>versibus</strong></span> <span class='ocrx_word' id='word_1_7' title='bbox 812 420 883 481; x_wconf 91' lang='lat' dir='ltr'><strong>satis</strong></span> <span class='ocrx_word' id='word_1_8' title='bbox 907 416 1086 497; x_wconf 79' lang='lat' dir='ltr'><strong>elegantibus</strong></span> <span class='ocrx_word' id='word_1_9' title='bbox 1108 413 1310 476; x_wconf 88' lang='lat' dir='ltr'><strong>terminatum</strong></span> 
     </span>
     <span class='ocr_line' id='line_1_3' title="bbox 157 527 260 590; baseline 0 -2"><span class='ocrx_word' id='word_1_10' title='bbox 157 527 260 590; x_wconf 84' lang='lat' dir='ltr'><strong>fuerit:</strong></span> 
     </span>
    </p>

    <p class='ocr_par' dir='ltr' id='par_1_3' title="bbox 259 615 990 701">
     <span class='ocr_line' id='line_1_4' title="bbox 259 615 990 701; baseline -0.015 -16"><span class='ocrx_word' id='word_1_11' title='bbox 259 625 317 685; x_wconf 81' lang='lat' dir='ltr'><strong>Tot</strong></span> <span class='ocrx_word' id='word_1_12' title='bbox 337 639 464 684; x_wconf 88' lang='lat' dir='ltr'><strong>numero</strong></span> <span class='ocrx_word' id='word_1_13' title='bbox 487 621 597 701; x_wconf 92' lang='lat' dir='ltr'><strong>talique</strong></span> <span class='ocrx_word' id='word_1_14' title='bbox 620 621 694 682; x_wconf 91' lang='lat' dir='ltr'><strong>deus</strong></span> <span class='ocrx_word' id='word_1_15' title='bbox 716 619 872 679; x_wconf 88' lang='lat' dir='ltr'><strong>simulacra</strong></span> <span class='ocrx_word' id='word_1_16' title='bbox 896 615 990 692; x_wconf 86' lang='lat' dir='ltr'><strong>figura</strong></span> 
     </span>
    </p>

    <p class='ocr_par' dir='ltr' id='par_1_4' title="bbox 257 712 1036 801">
     <span class='ocr_line' id='line_1_5' title="bbox 257 712 1036 801; baseline -0.015 -18"><span class='ocrx_word' id='word_1_17' title='bbox 257 721 402 801; x_wconf 81' lang='lat' dir='ltr'><strong>Imposuit</strong></span> <span class='ocrx_word' id='word_1_18' title='bbox 424 720 513 792; x_wconf 90' lang='lat' dir='ltr'><strong>caelo,</strong></span> <span class='ocrx_word' id='word_1_19' title='bbox 534 738 646 798; x_wconf 85' lang='lat' dir='ltr'>perque</span> <span class='ocrx_word' id='word_1_20' title='bbox 669 725 746 778; x_wconf 89' lang='lat' dir='ltr'><strong>atras</strong></span> <span class='ocrx_word' id='word_1_21' title='bbox 771 733 872 795; x_wconf 91' lang='lat' dir='ltr'><strong>sparsa</strong></span> <span class='ocrx_word' id='word_1_22' title='bbox 898 712 1036 774; x_wconf 78' lang='lat' dir='ltr'><strong>tenebras</strong></span> 
     </span>
    </p>

    <p class='ocr_par' dir='ltr' id='par_1_5' title="bbox 258 812 972 898">
     <span class='ocr_line' id='line_1_6' title="bbox 258 812 972 898; baseline -0.011 -18"><span class='ocrx_word' id='word_1_23' title='bbox 258 819 338 881; x_wconf 84' lang='lat' dir='ltr'><strong>Clara</strong></span> <span class='ocrx_word' id='word_1_24' title='bbox 363 818 522 898; x_wconf 81' lang='lat' dir='ltr'><strong>pruinosae</strong></span> <span class='ocrx_word' id='word_1_25' title='bbox 545 817 632 878; x_wconf 91' lang='lat' dir='ltr'><strong>iussit</strong></span> <span class='ocrx_word' id='word_1_26' title='bbox 655 817 724 877; x_wconf 92' lang='lat' dir='ltr'><strong>dare</strong></span> <span class='ocrx_word' id='word_1_27' title='bbox 747 814 859 876; x_wconf 89' lang='lat' dir='ltr'><strong>lumina</strong></span> <span class='ocrx_word' id='word_1_28' title='bbox 883 812 972 872; x_wconf 91' lang='lat' dir='ltr'><strong>nocti.</strong></span> 
     </span>
    </p>
   </div>
   <div class='ocr_carea' id='block_1_3' title="bbox 156 938 1309 1620">
    <p class='ocr_par' dir='ltr' id='par_1_6' title="bbox 156 938 1309 1620">
     <span class='ocr_line' id='line_1_7' title="bbox 157 938 1309 1025; baseline -0.013 -14"><span class='ocrx_word' id='word_1_29' title='bbox 157 950 253 1025; x_wconf 85' lang='lat' dir='ltr'><strong>Sonus</strong></span> <span class='ocrx_word' id='word_1_30' title='bbox 277 948 448 1010; x_wconf 84' lang='lat' dir='ltr'><strong>Ouidianus.</strong></span> <span class='ocrx_word' id='word_1_31' title='bbox 485 946 607 1024; x_wconf 85' lang='lat' dir='ltr'><strong>Figuras</strong></span> <span class='ocrx_word' id='word_1_32' title='bbox 631 955 779 1007; x_wconf 85' lang='lat' dir='ltr'><strong>astrorum</strong></span> <span class='ocrx_word' id='word_1_33' title='bbox 802 945 956 1004; x_wconf 90' lang='lat' dir='ltr'><strong>simulacra</strong></span> <span class='ocrx_word' id='word_1_34' title='bbox 978 942 1027 1002; x_wconf 90' lang='lat' dir='ltr'><strong>ille</strong></span> <span class='ocrx_word' id='word_1_35' title='bbox 1049 940 1139 1025; x_wconf 23' lang='lat' dir='ltr'><strong>etiarn·</strong></span> <span class='ocrx_word' id='word_1_36' title='bbox 1159 938 1227 999; x_wconf 91' lang='lat' dir='ltr'><strong>alibi</strong></span> <span class='ocrx_word' id='word_1_37' title='bbox 1249 957 1309 997; x_wconf 91' lang='lat' dir='ltr'><strong>vo-</strong></span> 
     </span>
     <span class='ocr_line' id='line_1_8' title="bbox 157 1040 1309 1123; baseline -0.01 -15"><span class='ocrx_word' id='word_1_38' title='bbox 157 1048 240 1123; x_wconf 89' lang='lat' dir='ltr'><strong>cavit,</strong></span> <span class='ocrx_word' id='word_1_39' title='bbox 263 1046 385 1107; x_wconf 86' lang='lat' dir='ltr'><strong>unicum</strong></span> <span class='ocrx_word' id='word_1_40' title='bbox 410 1045 489 1105; x_wconf 90' lang='lat' dir='ltr'><strong>huno</strong></span> <span class='ocrx_word' id='word_1_41' title='bbox 511 1045 610 1105; x_wconf 92' lang='lat' dir='ltr'><strong>locum</strong></span> <span class='ocrx_word' id='word_1_42' title='bbox 635 1044 699 1104; x_wconf 84' lang='lat' dir='ltr'><strong>diro</strong></span> <span class='ocrx_word' id='word_1_43' title='bbox 716 1042 783 1104; x_wconf 90' lang='lat' dir='ltr'><strong>Met.</strong></span> <span class='ocrx_word' id='word_1_44' title='bbox 801 1043 825 1103; x_wconf 99' lang='grc'><strong>11</strong></span> <span class='ocrx_word' id='word_1_45' title='bbox 844 1040 913 1115; x_wconf 85' lang='grc'>194,</span> <span class='ocrx_word' id='word_1_46' title='bbox 936 1041 985 1102; x_wconf 92' lang='lat' dir='ltr'><strong>ubi</strong></span> <span class='ocrx_word' id='word_1_47' title='bbox 1001 1040 1133 1100; x_wconf 90' lang='lat' dir='ltr'><strong>Phaeton</strong></span> <span class='ocrx_word' id='word_1_48' title='bbox 1157 1056 1212 1116; x_wconf 90' lang='lat' dir='ltr'><strong>per</strong></span> <span class='ocrx_word' id='word_1_49' title='bbox 1234 1055 1309 1098; x_wconf 89' lang='lat' dir='ltr'><strong>cae-</strong></span> 
     </span>
     <span class='ocr_line' id='line_1_9' title="bbox 157 1130 1308 1224; baseline -0.011 -17"><span class='ocrx_word' id='word_1_50' title='bbox 157 1147 218 1207; x_wconf 93' lang='lat' dir='ltr'><strong>lum</strong></span> <span class='ocrx_word' id='word_1_51' title='bbox 243 1145 368 1224; x_wconf 86' lang='lat' dir='ltr'><strong>agitatus</strong></span> <span class='ocrx_word' id='word_1_52' title='bbox 391 1143 472 1204; x_wconf 90' lang='lat' dir='ltr'><strong>videt</strong></span> <span class='ocrx_word' id='word_1_53' title='bbox 494 1151 643 1204; x_wconf 83' lang='lat' dir='ltr'><strong>vastarum</strong></span> <span class='ocrx_word' id='word_1_54' title='bbox 672 1143 828 1204; x_wconf 90' lang='lat' dir='ltr'><strong>simulacra</strong></span> <span class='ocrx_word' id='word_1_55' title='bbox 855 1141 1002 1211; x_wconf 83' lang='lat' dir='ltr'><strong>ferarum,</strong></span> <span class='ocrx_word' id='word_1_56' title='bbox 1032 1138 1088 1199; x_wconf 91' lang='lat' dir='ltr'><strong>boc</strong></span> <span class='ocrx_word' id='word_1_57' title='bbox 1110 1144 1157 1198; x_wconf 90' lang='lat' dir='ltr'><strong>est</strong></span> <span class='ocrx_word' id='word_1_58' title='bbox 1176 1130 1308 1206; x_wconf 85' lang='lat' dir='ltr'><strong>leonem,</strong></span> 
     </span>
     <span class='ocr_line' id='line_1_10' title="bbox 157 1236 1307 1323; baseline -0.01 -18"><span class='ocrx_word' id='word_1_59' title='bbox 157 1262 266 1316; x_wconf 91' lang='lat' dir='ltr'><strong>ursam,</strong></span> <span class='ocrx_word' id='word_1_60' title='bbox 289 1243 459 1313; x_wconf 82' lang='lat' dir='ltr'><strong>draconem,</strong></span> <span class='ocrx_word' id='word_1_61' title='bbox 482 1241 631 1321; x_wconf 83' lang='lat' dir='ltr'><strong>pistricem</strong></span> <span class='ocrx_word' id='word_1_62' title='bbox 655 1241 680 1303; x_wconf 94' lang='lat' dir='ltr'><strong>si</strong></span> <span class='ocrx_word' id='word_1_63' title='bbox 704 1260 776 1320; x_wconf 91' lang='lat' dir='ltr'><strong>quas</strong></span> <span class='ocrx_word' id='word_1_64' title='bbox 792 1239 861 1300; x_wconf 87' lang='lat' dir='ltr'><strong>alias</strong></span> <span class='ocrx_word' id='word_1_65' title='bbox 877 1238 978 1299; x_wconf 92' lang='lat' dir='ltr'><strong>habes.</strong></span> <span class='ocrx_word' id='word_1_66' title='bbox 1017 1236 1177 1323; x_wconf 80' lang='lat' dir='ltr'><strong>Addendus</strong></span> <span class='ocrx_word' id='word_1_67' title='bbox 1200 1242 1307 1294; x_wconf 90' lang='lat' dir='ltr'><strong>autem</strong></span> 
     </span>
     <span class='ocr_line' id='line_1_11' title="bbox 156 1331 1307 1416; baseline -0.011 -12"><span class='ocrx_word' id='word_1_68' title='bbox 156 1342 238 1404; x_wconf 89' lang='lat' dir='ltr'><strong>locus</strong></span> <span class='ocrx_word' id='word_1_69' title='bbox 262 1341 366 1402; x_wconf 90' lang='lat' dir='ltr'><strong>tertius</strong></span> <span class='ocrx_word' id='word_1_70' title='bbox 388 1340 460 1413; x_wconf 85' lang='lat' dir='ltr'><strong>erit3</strong></span> <span class='ocrx_word' id='word_1_71' title='bbox 486 1339 612 1402; x_wconf 79' lang='lat' dir='ltr'><strong>Ariadne</strong></span> <span class='ocrx_word' id='word_1_72' title='bbox 634 1338 665 1401; x_wconf 93' lang='lat' dir='ltr'><strong>in</strong></span> <span class='ocrx_word' id='word_1_73' title='bbox 688 1337 849 1400; x_wconf 84' lang='lat' dir='ltr'><strong>Heroidll</strong></span> <span class='ocrx_word' id='word_1_74' title='bbox 871 1357 897 1397; x_wconf 88' lang='lat' dir='ltr'><strong>v.</strong></span> <span class='ocrx_word' id='word_1_75' title='bbox 915 1335 1027 1416; x_wconf 85' lang='lat' dir='ltr'><strong>81sqq.</strong></span> <span class='ocrx_word' id='word_1_76' title='bbox 1052 1335 1133 1396; x_wconf 90' lang='lat' dir='ltr'><strong>mille</strong></span> <span class='ocrx_word' id='word_1_77' title='bbox 1155 1331 1307 1414; x_wconf 91' lang='lat' dir='ltr'><strong>pereundi</strong></span> 
     </span>
     <span class='ocr_line' id='line_1_12' title="bbox 156 1433 1305 1520; baseline -0.009 -18"><span class='ocrx_word' id='word_1_78' title='bbox 156 1443 263 1520; x_wconf 86' lang='lat' dir='ltr'><strong>figuras</strong></span> <span class='ocrx_word' id='word_1_79' title='bbox 286 1439 380 1501; x_wconf 80' lang='lat' dir='ltr'><strong>videt:</strong></span> <span class='ocrx_word' id='word_1_80' title='bbox 409 1439 433 1500; x_wconf 93' lang='lat' dir='ltr'><strong>si</strong></span> <span class='ocrx_word' id='word_1_81' title='bbox 456 1456 536 1500; x_wconf 89' lang='lat' dir='ltr'><strong>mare</strong></span> <span class='ocrx_word' id='word_1_82' title='bbox 559 1437 772 1519; x_wconf 80' lang='lat' dir='ltr'><strong>prospiciebat,</strong></span> <span class='ocrx_word' id='word_1_83' title='bbox 800 1436 912 1515; x_wconf 89' lang='lat' dir='ltr'><strong>phocae</strong></span> <span class='ocrx_word' id='word_1_84' title='bbox 936 1435 1102 1509; x_wconf 89' lang='lat' dir='ltr'><strong>minantur,</strong></span> <span class='ocrx_word' id='word_1_85' title='bbox 1133 1433 1158 1494; x_wconf 94' lang='lat' dir='ltr'><strong>si</strong></span> <span class='ocrx_word' id='word_1_86' title='bbox 1179 1441 1305 1502; x_wconf 89' lang='lat' dir='ltr'><strong>terram,</strong></span> 
     </span>
     <span class='ocr_line' id='line_1_13' title="bbox 158 1535 803 1620; baseline -0.009 -19"><span class='ocrx_word' id='word_1_87' title='bbox 158 1539 219 1620; x_wconf 93' lang='lat' dir='ltr'><strong>lupi</strong></span> <span class='ocrx_word' id='word_1_88' title='bbox 242 1540 342 1600; x_wconf 89' lang='lat' dir='ltr'><strong>leones</strong></span> <span class='ocrx_word' id='word_1_89' title='bbox 365 1536 497 1616; x_wconf 83' lang='lat' dir='ltr'><strong>tigrides.</strong></span> <span class='ocrx_word' id='word_1_90' title='bbox 542 1536 679 1616; x_wconf 87' lang='lat' dir='ltr'><strong>Pergitur</strong></span> <span class='ocrx_word' id='word_1_91' title='bbox 701 1556 727 1596; x_wconf 81' lang='lat' dir='ltr'><strong>v.</strong></span> <span class='ocrx_word' id='word_1_92' title='bbox 745 1535 803 1596; x_wconf 86' lang='lat'><strong>95:</strong></span> 
     </span>
    </p>
   </div>
   <div class='ocr_carea' id='block_1_4' title="bbox 354 1647 1092 1715">
    <p class='ocr_par' dir='ltr' id='par_1_7' title="bbox 354 1647 1092 1715">
     <span class='ocr_line' id='line_1_14' title="bbox 354 1647 1092 1715; baseline -0.009 -2"><span class='ocrx_word' id='word_1_93' title='bbox 354 1651 473 1715; x_wconf 88' lang='lat' dir='ltr'><strong>Caelum</strong></span> <span class='ocrx_word' id='word_1_94' title='bbox 496 1649 642 1713; x_wconf 89' lang='lat' dir='ltr'><strong>restabat:</strong></span> <span class='ocrx_word' id='word_1_95' title='bbox 666 1650 758 1710; x_wconf 88' lang='lat' dir='ltr'><strong>timeo</strong></span> <span class='ocrx_word' id='word_1_96' title='bbox 781 1647 936 1710; x_wconf 90' lang='lat' dir='ltr'><strong>simulacra</strong></span> <span class='ocrx_word' id='word_1_97' title='bbox 961 1647 1092 1707; x_wconf 89' lang='lat' dir='ltr'><strong>deornm.</strong></span> 
     </span>
    </p>
   </div>
   <div class='ocr_carea' id='block_1_5' title="bbox 156 1756 1306 3219">
    <p class='ocr_par' dir='ltr' id='par_1_8' title="bbox 156 1756 1306 3219">
     <span class='ocr_line' id='line_1_15' title="bbox 156 1756 1304 1844; baseline -0.004 -20"><span class='ocrx_word' id='word_1_98' title='bbox 156 1763 258 1844; x_wconf 80' lang='lat' dir='ltr'><strong>Itaque</strong></span> <span class='ocrx_word' id='word_1_99' title='bbox 274 1762 379 1825; x_wconf 89' lang='lat' dir='ltr'><strong>mundi</strong></span> <span class='ocrx_word' id='word_1_100' title='bbox 396 1762 535 1842; x_wconf 88' lang='lat' dir='ltr'><strong>tripartiti</strong></span> <span class='ocrx_word' id='word_1_101' title='bbox 550 1763 664 1823; x_wconf 89' lang='lat' dir='ltr'><strong>caelum</strong></span> <span class='ocrx_word' id='word_1_102' title='bbox 686 1761 824 1822; x_wconf 89' lang='lat' dir='ltr'><strong>omittere</strong></span> <span class='ocrx_word' id='word_1_103' title='bbox 840 1760 935 1821; x_wconf 91' lang='lat' dir='ltr'><strong>noluit</strong></span> <span class='ocrx_word' id='word_1_104' title='bbox 950 1765 1046 1839; x_wconf 88' lang='lat' dir='ltr'><strong>poeta,</strong></span> <span class='ocrx_word' id='word_1_105' title='bbox 1070 1757 1107 1818; x_wconf 88' lang='lat' dir='ltr'><strong>cf.</strong></span> <span class='ocrx_word' id='word_1_106' title='bbox 1124 1759 1185 1820; x_wconf 84' lang='lat' dir='ltr'><strong>Art.</strong></span> <span class='ocrx_word' id='word_1_107' title='bbox 1202 1757 1227 1817; x_wconf 94' lang='grc'><strong>11</strong></span> <span class='ocrx_word' id='word_1_108' title='bbox 1244 1756 1304 1819; x_wconf 79' lang='lat'><strong>37:</strong></span> 
     </span>
     <span class='ocr_line' id='line_1_16' title="bbox 156 1856 1304 1936; baseline -0.005 -12"><span class='ocrx_word' id='word_1_109' title='bbox 156 1862 255 1924; x_wconf 85' lang='lat' dir='ltr'><strong>Restat</strong></span> <span class='ocrx_word' id='word_1_110' title='bbox 274 1866 329 1924; x_wconf 86' lang='lat' dir='ltr'><strong>a&#39;tcr</strong></span> <span class='ocrx_word' id='word_1_111' title='bbox 353 1861 432 1922; x_wconf 81' lang='lat' dir='ltr'><strong>coeli.</strong></span> <span class='ocrx_word' id='word_1_112' title='bbox 478 1861 535 1921; x_wconf 90' lang='lat' dir='ltr'><strong>Sed</strong></span> <span class='ocrx_word' id='word_1_113' title='bbox 559 1859 715 1921; x_wconf 79' lang='lat' dir='ltr'><strong>simulacro</strong></span> <span class='ocrx_word' id='word_1_114' title='bbox 743 1860 860 1920; x_wconf 84' lang='lat' dir='ltr'><strong>deorum</strong></span> <span class='ocrx_word' id='word_1_115' title='bbox 881 1858 1021 1928; x_wconf 79' lang='lat' dir='ltr'><strong>absurda3</strong></span> <span class='ocrx_word' id='word_1_116' title='bbox 1045 1857 1115 1936; x_wconf 93' lang='lat' dir='ltr'><strong>quid</strong></span> <span class='ocrx_word' id='word_1_117' title='bbox 1138 1856 1218 1918; x_wconf 91' lang='lat' dir='ltr'><strong>enirn</strong></span> <span class='ocrx_word' id='word_1_118' title='bbox 1241 1863 1304 1918; x_wconf 85' lang='lat' dir='ltr'><strong>sta·</strong></span> 
     </span>
     <span class='ocr_line' id='line_1_17' title="bbox 156 1954 1306 2038; baseline -0.004 -15"><span class='ocrx_word' id='word_1_119' title='bbox 156 1971 225 2023; x_wconf 91' lang='lat' dir='ltr'><strong>tuae</strong></span> <span class='ocrx_word' id='word_1_120' title='bbox 247 1961 282 2022; x_wconf 88' lang='lat' dir='ltr'><strong>ad</strong></span> <span class='ocrx_word' id='word_1_121' title='bbox 307 1956 442 2020; x_wconf 76' lang='lat' dir='ltr'><strong>caelum?</strong></span> <span class='ocrx_word' id='word_1_122' title='bbox 465 1959 536 2038; x_wconf 88' lang='lat' dir='ltr'><strong>quid</strong></span> <span class='ocrx_word' id='word_1_123' title='bbox 552 1959 588 2019; x_wconf 91' lang='lat' dir='ltr'><strong>ad</strong></span> <span class='ocrx_word' id='word_1_124' title='bbox 604 1955 768 2019; x_wconf 78' lang='lat' dir='ltr'><strong>timorem?</strong></span> <span class='ocrx_word' id='word_1_125' title='bbox 795 1959 908 2018; x_wconf 88' lang='lat' dir='ltr'><strong>Sensus</strong></span> <span class='ocrx_word' id='word_1_126' title='bbox 935 1956 982 2017; x_wconf 92' lang='lat' dir='ltr'><strong>hic</strong></span> <span class='ocrx_word' id='word_1_127' title='bbox 1006 1955 1103 2035; x_wconf 90' lang='lat' dir='ltr'><strong>potius</strong></span> <span class='ocrx_word' id='word_1_128' title='bbox 1126 1954 1182 2016; x_wconf 86' lang='lat' dir='ltr'><strong>fuit</strong></span> <span class='ocrx_word' id='word_1_129' title='bbox 1197 1973 1306 2034; x_wconf 62' lang='lat' dir='ltr'><strong>quamr</strong></span> 
     </span>
     <span class='ocr_line' id='line_1_18' title="bbox 156 2051 1303 2136; baseline -0.005 -16"><span class='ocrx_word' id='word_1_130' title='bbox 156 2059 199 2120; x_wconf 90' lang='lat' dir='ltr'><strong>vis</strong></span> <span class='ocrx_word' id='word_1_131' title='bbox 221 2058 358 2136; x_wconf 85' lang='lat' dir='ltr'><strong>frigidus:</strong></span> <span class='ocrx_word' id='word_1_132' title='bbox 387 2057 500 2118; x_wconf 87' lang='lat' dir='ltr'><strong>caelum</strong></span> <span class='ocrx_word' id='word_1_133' title='bbox 531 2055 630 2117; x_wconf 89' lang='lat' dir='ltr'><strong>videre</strong></span> <span class='ocrx_word' id='word_1_134' title='bbox 656 2057 801 2117; x_wconf 90' lang='lat' dir='ltr'><strong>restabat:</strong></span> <span class='ocrx_word' id='word_1_135' title='bbox 832 2055 882 2116; x_wconf 91' lang='lat' dir='ltr'><strong>sed</strong></span> <span class='ocrx_word' id='word_1_136' title='bbox 915 2054 959 2114; x_wconf 91' lang='lat' dir='ltr'><strong>vel</strong></span> <span class='ocrx_word' id='word_1_137' title='bbox 986 2053 1185 2114; x_wconf 91' lang='lat' dir='ltr'><strong>simulacra</strong></span> <span class='ocrx_word' id='word_1_138' title='bbox 1212 2051 1303 2114; x_wconf 91' lang='lat' dir='ltr'><strong>timeo</strong></span> 
     </span>
     <span class='ocr_line' id='line_1_19' title="bbox 157 2151 1303 2234; baseline -0.005 -16"><span class='ocrx_word' id='word_1_139' title='bbox 157 2157 296 2218; x_wconf 86' lang='lat' dir='ltr'><strong>ferarum.</strong></span> <span class='ocrx_word' id='word_1_140' title='bbox 333 2155 435 2234; x_wconf 87' lang='lat' dir='ltr'><strong>ltaque</strong></span> <span class='ocrx_word' id='word_1_141' title='bbox 458 2163 508 2215; x_wconf 91' lang='lat' dir='ltr'><strong>aut</strong></span> <span class='ocrx_word' id='word_1_142' title='bbox 530 2155 686 2215; x_wconf 82' lang='lat' dir='ltr'><strong>simulacro</strong></span> <span class='ocrx_word' id='word_1_143' title='bbox 709 2154 823 2214; x_wconf 83' lang='lat' dir='ltr'><strong>leonum</strong></span> <span class='ocrx_word' id='word_1_144' title='bbox 848 2153 972 2214; x_wconf 87' lang='lat' dir='ltr'><strong>restitue</strong></span> <span class='ocrx_word' id='word_1_145' title='bbox 994 2158 1045 2212; x_wconf 91' lang='lat' dir='ltr'><strong>aut</strong></span> <span class='ocrx_word' id='word_1_146' title='bbox 1067 2151 1197 2212; x_wconf 89' lang='lat' dir='ltr'><strong>acutius:</strong></span> <span class='ocrx_word' id='word_1_147' title='bbox 1220 2153 1303 2212; x_wconf 82' lang='lat' dir='ltr'><strong>timeo</strong></span> 
     </span>
     <span class='ocr_line' id='line_1_20' title="bbox 156 2250 1303 2332; baseline -0.003 -16"><span class='ocrx_word' id='word_1_148' title='bbox 156 2254 313 2317; x_wconf 83' lang='lat' dir='ltr'><strong>simulacra</strong></span> <span class='ocrx_word' id='word_1_149' title='bbox 328 2257 480 2329; x_wconf 64' lang='grc'>1616666665</span> <span class='ocrx_word' id='word_1_150' title='bbox 504 2253 698 2332; x_wconf 81' lang='lat' dir='ltr'><strong>nequeenim</strong></span> <span class='ocrx_word' id='word_1_151' title='bbox 719 2251 767 2311; x_wconf 89' lang='lat' dir='ltr'><strong>hic</strong></span> <span class='ocrx_word' id='word_1_152' title='bbox 789 2270 872 2312; x_wconf 90' lang='lat' dir='ltr'><strong>error</strong></span> <span class='ocrx_word' id='word_1_153' title='bbox 895 2250 1093 2321; x_wconf 85' lang='lat' dir='ltr'><strong>librariorum,</strong></span> <span class='ocrx_word' id='word_1_154' title='bbox 1117 2250 1168 2310; x_wconf 87' lang='lat' dir='ltr'><strong>sed</strong></span> <span class='ocrx_word' id='word_1_155' title='bbox 1184 2251 1303 2331; x_wconf 91' lang='lat' dir='ltr'><strong>stupida</strong></span> 
     </span>
     <span class='ocr_line' id='line_1_21' title="bbox 157 2348 1303 2434; baseline -0.003 -20"><span class='ocrx_word' id='word_1_156' title='bbox 157 2352 422 2434; x_wconf 88' lang='lat' dir='ltr'><strong>interpolatioest.</strong></span> <span class='ocrx_word' id='word_1_157' title='bbox 460 2351 594 2431; x_wconf 83' lang='lat' dir='ltr'><strong>[lenique</strong></span> <span class='ocrx_word' id='word_1_158' title='bbox 616 2351 703 2412; x_wconf 90' lang='lat' dir='ltr'><strong>etiam</strong></span> <span class='ocrx_word' id='word_1_159' title='bbox 722 2351 770 2410; x_wconf 91' lang='lat' dir='ltr'><strong>hic</strong></span> <span class='ocrx_word' id='word_1_160' title='bbox 792 2359 871 2411; x_wconf 91' lang='lat' dir='ltr'><strong>astra</strong></span> <span class='ocrx_word' id='word_1_161' title='bbox 890 2350 1045 2411; x_wconf 88' lang='lat' dir='ltr'><strong>simulacra</strong></span> <span class='ocrx_word' id='word_1_162' title='bbox 1061 2348 1209 2410; x_wconf 87' lang='lat' dir='ltr'><strong>dicuntur.</strong></span> <span class='ocrx_word' id='word_1_163' title='bbox 1245 2349 1303 2410; x_wconf 86' lang='lat' dir='ltr'><strong>Ce-</strong></span> 
     </span>
     <span class='ocr_line' id='line_1_22' title="bbox 156 2448 1302 2528; baseline -0.003 -15"><span class='ocrx_word' id='word_1_164' title='bbox 156 2461 253 2514; x_wconf 89' lang='lat' dir='ltr'><strong>terum</strong></span> <span class='ocrx_word' id='word_1_165' title='bbox 277 2469 511 2512; x_wconf 89' lang='lat' dir='ltr'><strong>commemorare</strong></span> <span class='ocrx_word' id='word_1_166' title='bbox 542 2451 595 2511; x_wconf 92' lang='lat' dir='ltr'><strong>has</strong></span> <span class='ocrx_word' id='word_1_167' title='bbox 619 2450 763 2510; x_wconf 80' lang='lat' dir='ltr'><strong>Ariadnae</strong></span> <span class='ocrx_word' id='word_1_168' title='bbox 786 2449 921 2528; x_wconf 88' lang='lat' dir='ltr'><strong>querelas</strong></span> <span class='ocrx_word' id='word_1_169' title='bbox 953 2455 1144 2528; x_wconf 90' lang='lat' dir='ltr'><strong>praepostere</strong></span> <span class='ocrx_word' id='word_1_170' title='bbox 1174 2448 1302 2527; x_wconf 90' lang='lat' dir='ltr'><strong>scriptas</strong></span> 
     </span>
     <span class='ocr_line' id='line_1_23' title="bbox 156 2547 1302 2627; baseline -0.003 -16"><span class='ocrx_word' id='word_1_171' title='bbox 156 2568 217 2611; x_wconf 94' lang='lat' dir='ltr'><strong>non</strong></span> <span class='ocrx_word' id='word_1_172' title='bbox 233 2550 316 2610; x_wconf 87' lang='lat' dir='ltr'><strong>decet</strong></span> <span class='ocrx_word' id='word_1_173' title='bbox 338 2548 398 2609; x_wconf 91' lang='lat' dir='ltr'><strong>nisi</strong></span> <span class='ocrx_word' id='word_1_174' title='bbox 423 2554 457 2609; x_wconf 91' lang='lat' dir='ltr'><strong>ut</strong></span> <span class='ocrx_word' id='word_1_175' title='bbox 479 2549 516 2608; x_wconf 93' lang='lat' dir='ltr'><strong>de</strong></span> <span class='ocrx_word' id='word_1_176' title='bbox 532 2568 601 2609; x_wconf 88' lang='lat' dir='ltr'><strong>vero</strong></span> <span class='ocrx_word' id='word_1_177' title='bbox 616 2555 696 2609; x_wconf 91' lang='lat' dir='ltr'><strong>statu</strong></span> <span class='ocrx_word' id='word_1_178' title='bbox 723 2547 779 2608; x_wconf 91' lang='lat' dir='ltr'><strong>looi</strong></span> <span class='ocrx_word' id='word_1_179' title='bbox 802 2549 847 2608; x_wconf 88' lang='lat' dir='ltr'><strong>vel</strong></span> <span class='ocrx_word' id='word_1_180' title='bbox 862 2555 1085 2609; x_wconf 88' lang='lat' dir='ltr'><strong>transcurrente</strong></span> <span class='ocrx_word' id='word_1_181' title='bbox 1102 2547 1302 2627; x_wconf 90' lang='lat' dir='ltr'><strong>disputatione</strong></span> 
     </span>
     <span class='ocr_line' id='line_1_24' title="bbox 157 2645 1302 2726; baseline -0.003 -17"><span class='ocrx_word' id='word_1_182' title='bbox 157 2647 314 2710; x_wconf 90' lang='lat' dir='ltr'><strong>monearis.</strong></span> <span class='ocrx_word' id='word_1_183' title='bbox 358 2647 430 2708; x_wconf 87' lang='lat' dir='ltr'><strong>Post</strong></span> <span class='ocrx_word' id='word_1_184' title='bbox 447 2667 473 2708; x_wconf 90' lang='lat' dir='ltr'><strong>v.</strong></span> <span class='ocrx_word' id='word_1_185' title='bbox 491 2647 531 2709; x_wconf 83' lang='lat'><strong>87</strong></span> <span class='ocrx_word' id='word_1_186' title='bbox 553 2646 703 2708; x_wconf 90' lang='lat' dir='ltr'><strong>intercidit</strong></span> <span class='ocrx_word' id='word_1_187' title='bbox 727 2655 776 2707; x_wconf 89' lang='lat' dir='ltr'><strong>aut</strong></span> <span class='ocrx_word' id='word_1_188' title='bbox 801 2646 867 2726; x_wconf 89' lang='lat' dir='ltr'><strong>plus</strong></span> <span class='ocrx_word' id='word_1_189' title='bbox 890 2655 940 2707; x_wconf 90' lang='lat' dir='ltr'><strong>aut</strong></span> <span class='ocrx_word' id='word_1_190' title='bbox 959 2664 1037 2707; x_wconf 92' lang='lat' dir='ltr'><strong>unus</strong></span> <span class='ocrx_word' id='word_1_191' title='bbox 1062 2645 1163 2706; x_wconf 90' lang='lat' dir='ltr'><strong>saltem</strong></span> <span class='ocrx_word' id='word_1_192' title='bbox 1194 2653 1302 2724; x_wconf 90' lang='lat' dir='ltr'><strong>penta·</strong></span> 
     </span>
     <span class='ocr_line' id='line_1_25' title="bbox 157 2741 1302 2827; baseline -0.004 -19"><span class='ocrx_word' id='word_1_193' title='bbox 157 2753 253 2808; x_wconf 90' lang='lat' dir='ltr'><strong>meter</strong></span> <span class='ocrx_word' id='word_1_194' title='bbox 281 2764 339 2827; x_wconf 91' lang='lat' dir='ltr'><strong>quo</strong></span> <span class='ocrx_word' id='word_1_195' title='bbox 365 2745 460 2826; x_wconf 86' lang='lat' dir='ltr'><strong>pisces</strong></span> <span class='ocrx_word' id='word_1_196' title='bbox 486 2757 604 2825; x_wconf 86' lang='lat' dir='ltr'><strong>praeter</strong></span> <span class='ocrx_word' id='word_1_197' title='bbox 629 2746 738 2824; x_wconf 91' lang='lat' dir='ltr'><strong>phocas</strong></span> <span class='ocrx_word' id='word_1_198' title='bbox 765 2745 853 2806; x_wconf 91' lang='lat' dir='ltr'><strong>etiam</strong></span> <span class='ocrx_word' id='word_1_199' title='bbox 881 2745 928 2805; x_wconf 93' lang='lat' dir='ltr'><strong>alii</strong></span> <span class='ocrx_word' id='word_1_200' title='bbox 958 2744 1180 2805; x_wconf 86' lang='lat' dir='ltr'><strong>inducebantur.</strong></span> <span class='ocrx_word' id='word_1_201' title='bbox 1224 2741 1302 2803; x_wconf 84' lang='lat' dir='ltr'><strong>Turn</strong></span> 
     </span>
     <span class='ocr_line' id='line_1_26' title="bbox 158 2836 1306 2924; baseline -0.003 -19"><span class='ocrx_word' id='word_1_202' title='bbox 158 2843 360 2924; x_wconf 87' lang='lat' dir='ltr'><strong>sequebantur</strong></span> <span class='ocrx_word' id='word_1_203' title='bbox 382 2864 426 2905; x_wconf 85' lang='lat' dir='ltr'><strong>vv.</strong></span> <span class='ocrx_word' id='word_1_204' title='bbox 450 2842 596 2904; x_wconf 78' lang='lat'><strong>93-98.</strong></span> <span class='ocrx_word' id='word_1_205' title='bbox 646 2843 731 2904; x_wconf 89' lang='lat' dir='ltr'><strong>Tunc</strong></span> <span class='ocrx_word' id='word_1_206' title='bbox 758 2844 930 2904; x_wconf 85' lang='lat' dir='ltr'><strong>hexameter</strong></span> <span class='ocrx_word' id='word_1_207' title='bbox 959 2837 1066 2903; x_wconf 87' lang='lat' dir='ltr'><strong>excidit</strong></span> <span class='ocrx_word' id='word_1_208' title='bbox 1094 2859 1187 2911; x_wconf 90' lang='lat' dir='ltr'><strong>unus,</strong></span> <span class='ocrx_word' id='word_1_209' title='bbox 1214 2836 1306 2920; x_wconf 87' lang='lat' dir='ltr'><strong>quem</strong></span> 
     </span>
     <span class='ocr_line' id='line_1_27' title="bbox 157 2939 1303 3022; baseline -0.003 -18"><span class='ocrx_word' id='word_1_210' title='bbox 157 2942 342 3022; x_wconf 83' lang='lat' dir='ltr'><strong>excipiebant</strong></span> <span class='ocrx_word' id='word_1_211' title='bbox 357 2961 402 3002; x_wconf 85' lang='lat' dir='ltr'><strong>vv.</strong></span> <span class='ocrx_word' id='word_1_212' title='bbox 419 2939 552 3003; x_wconf 80' lang='lat'><strong>88-92.</strong></span> <span class='ocrx_word' id='word_1_213' title='bbox 592 2941 705 3015; x_wconf 82' lang='lat' dir='ltr'><strong>Quibus</strong></span> <span class='ocrx_word' id='word_1_214' title='bbox 726 2941 825 3003; x_wconf 90' lang='lat' dir='ltr'><strong>statim</strong></span> <span class='ocrx_word' id='word_1_215' title='bbox 849 2941 989 3001; x_wconf 88' lang='lat' dir='ltr'><strong>adnexuit</strong></span> <span class='ocrx_word' id='word_1_216' title='bbox 1011 2947 1097 3019; x_wconf 91' lang='lat' dir='ltr'><strong>poeta</strong></span> <span class='ocrx_word' id='word_1_217' title='bbox 1121 2959 1240 3000; x_wconf 90' lang='lat' dir='ltr'><strong>versum</strong></span> <span class='ocrx_word' id='word_1_218' title='bbox 1261 2939 1303 3000; x_wconf 83' lang='lat'><strong>99</strong></span> 
     </span>
     <span class='ocr_line' id='line_1_28' title="bbox 157 3038 1302 3119; baseline -0.003 -16"><span class='ocrx_word' id='word_1_219' title='bbox 157 3050 187 3103; x_wconf 91' lang='lat' dir='ltr'><strong>et</strong></span> <span class='ocrx_word' id='word_1_220' title='bbox 209 3040 371 3119; x_wconf 88' lang='lat' dir='ltr'><strong>sequentia.</strong></span> <span class='ocrx_word' id='word_1_221' title='bbox 418 3040 508 3101; x_wconf 86' lang='lat' dir='ltr'><strong>Cuius</strong></span> <span class='ocrx_word' id='word_1_222' title='bbox 536 3042 683 3101; x_wconf 91' lang='lat' dir='ltr'><strong>rationem</strong></span> <span class='ocrx_word' id='word_1_223' title='bbox 711 3040 812 3101; x_wconf 92' lang='lat' dir='ltr'><strong>iudicii</strong></span> <span class='ocrx_word' id='word_1_224' title='bbox 841 3039 899 3099; x_wconf 93' lang='lat' dir='ltr'><strong>mei</strong></span> <span class='ocrx_word' id='word_1_225' title='bbox 926 3046 960 3100; x_wconf 91' lang='lat' dir='ltr'><strong>ut</strong></span> <span class='ocrx_word' id='word_1_226' title='bbox 986 3038 1124 3117; x_wconf 88' lang='lat' dir='ltr'><strong>explicari</strong></span> <span class='ocrx_word' id='word_1_227' title='bbox 1148 3038 1217 3100; x_wconf 93' lang='lat' dir='ltr'><strong>buic</strong></span> <span class='ocrx_word' id='word_1_228' title='bbox 1237 3039 1302 3100; x_wconf 90' lang='lat' dir='ltr'><strong>loco</strong></span> 
     </span>
     <span class='ocr_line' id='line_1_29' title="bbox 156 3136 1302 3219; baseline -0.002 -19"><span class='ocrx_word' id='word_1_229' title='bbox 156 3156 262 3219; x_wconf 91' lang='lat' dir='ltr'><strong>parum</strong></span> <span class='ocrx_word' id='word_1_230' title='bbox 286 3137 439 3208; x_wconf 86' lang='lat' dir='ltr'><strong>convenit,</strong></span> <span class='ocrx_word' id='word_1_231' title='bbox 468 3139 508 3200; x_wconf 89' lang='lat' dir='ltr'><strong>ita</strong></span> <span class='ocrx_word' id='word_1_232' title='bbox 532 3137 626 3218; x_wconf 90' lang='lat' dir='ltr'><strong>ipsam</strong></span> <span class='ocrx_word' id='word_1_233' title='bbox 652 3157 683 3199; x_wconf 90' lang='lat' dir='ltr'><strong>se</strong></span> <span class='ocrx_word' id='word_1_234' title='bbox 711 3138 765 3198; x_wconf 92' lang='lat' dir='ltr'><strong>tibi</strong></span> <span class='ocrx_word' id='word_1_235' title='bbox 789 3136 954 3198; x_wconf 82' lang='lat' dir='ltr'><strong>oblaturam</strong></span> <span class='ocrx_word' id='word_1_236' title='bbox 977 3156 1042 3198; x_wconf 91' lang='lat' dir='ltr'><strong>esse</strong></span> <span class='ocrx_word' id='word_1_237' title='bbox 1065 3155 1162 3216; x_wconf 92' lang='lat' dir='ltr'><strong>spero.</strong></span> <span class='ocrx_word' id='word_1_238' title='bbox 1187 3169 1229 3181; x_wconf 89' lang='lat'><strong>-—</strong></span> <span class='ocrx_word' id='word_1_239' title='bbox 1251 3138 1302 3198; x_wconf 86' lang='grc' dir='ltr'><strong>ΑΙ-</strong></span> 
     </span>
    </p>
   </div>
   <div class='ocr_carea' id='block_1_6' title="bbox 156 3234 1303 3414">
    <p class='ocr_par' dir='ltr' id='par_1_9' title="bbox 156 3234 1303 3414">
     <span class='ocr_line' id='line_1_30' title="bbox 156 3234 1303 3317; baseline 0 -20"><span class='ocrx_word' id='word_1_240' title='bbox 156 3246 252 3298; x_wconf 85' lang='lat' dir='ltr'><strong>terum</strong></span> <span class='ocrx_word' id='word_1_241' title='bbox 276 3235 556 3298; x_wconf 88' lang='lat' dir='ltr'><strong>Phaenomenorum</strong></span> <span class='ocrx_word' id='word_1_242' title='bbox 580 3235 748 3317; x_wconf 89' lang='lat' dir='ltr'><strong>compendii</strong></span> <span class='ocrx_word' id='word_1_243' title='bbox 779 3241 979 3315; x_wconf 82' lang='lat' dir='ltr'><strong>fragmentum</strong></span> <span class='ocrx_word' id='word_1_244' title='bbox 1003 3237 1079 3316; x_wconf 90' lang='lat' dir='ltr'><strong>apud</strong></span> <span class='ocrx_word' id='word_1_245' title='bbox 1102 3234 1233 3297; x_wconf 88' lang='lat' dir='ltr'><strong>Probum</strong></span> <span class='ocrx_word' id='word_1_246' title='bbox 1257 3245 1303 3298; x_wconf 91' lang='lat' dir='ltr'><strong>est</strong></span> 
     </span>
     <span class='ocr_line' id='line_1_31' title="bbox 157 3332 1152 3414; baseline -0.003 -17"><span class='ocrx_word' id='word_1_247' title='bbox 157 3335 192 3397; x_wconf 91' lang='lat' dir='ltr'><strong>ad</strong></span> <span class='ocrx_word' id='word_1_248' title='bbox 213 3333 320 3414; x_wconf 86' lang='lat' dir='ltr'><strong>Vergili</strong></span> <span class='ocrx_word' id='word_1_249' title='bbox 343 3333 448 3413; x_wconf 85' lang='lat' dir='ltr'><strong>Georg.</strong></span> <span class='ocrx_word' id='word_1_250' title='bbox 465 3335 477 3393; x_wconf 98' lang='grc'>1</span> <span class='ocrx_word' id='word_1_251' title='bbox 495 3332 570 3395; x_wconf 80' lang='lat'><strong>138:</strong></span> <span class='ocrx_word' id='word_1_252' title='bbox 595 3335 715 3396; x_wconf 80' lang='lat' dir='ltr'><strong>Ovidius</strong></span> <span class='ocrx_word' id='word_1_253' title='bbox 736 3337 767 3395; x_wconf 81' lang='lat' dir='ltr'><strong>in</strong></span> <span class='ocrx_word' id='word_1_254' title='bbox 789 3335 838 3396; x_wconf 90' lang='lat' dir='ltr'><strong>Pb.</strong></span> <span class='ocrx_word' id='word_1_255' title='bbox 863 3337 957 3396; x_wconf 83' lang='lat' dir='ltr'><strong>dicens</strong></span> <span class='ocrx_word' id='word_1_256' title='bbox 981 3335 1013 3395; x_wconf 83' lang='lat' dir='ltr'><strong>de</strong></span> <span class='ocrx_word' id='word_1_257' title='bbox 1036 3335 1152 3395; x_wconf 80' lang='lat' dir='ltr'><strong>Perseo:</strong></span> 
     </span>
    </p>
   </div>
   <div class='ocr_carea' id='block_1_7' title="bbox 322 3444 1099 3625">
    <p class='ocr_par' dir='ltr' id='par_1_10' title="bbox 322 3444 1099 3625">
     <span class='ocr_line' id='line_1_32' title="bbox 322 3444 1096 3526; baseline 0.004 -22"><span class='ocrx_word' id='word_1_258' title='bbox 322 3444 452 3506; x_wconf 89' lang='lat' dir='ltr'><strong>Pleiades</strong></span> <span class='ocrx_word' id='word_1_259' title='bbox 477 3452 544 3507; x_wconf 90' lang='lat' dir='ltr'><strong>ante</strong></span> <span class='ocrx_word' id='word_1_260' title='bbox 568 3464 661 3525; x_wconf 89' lang='lat' dir='ltr'><strong>genus</strong></span> <span class='ocrx_word' id='word_1_261' title='bbox 685 3453 798 3526; x_wconf 89' lang='lat' dir='ltr'><strong>septem</strong></span> <span class='ocrx_word' id='word_1_262' title='bbox 821 3447 933 3507; x_wconf 91' lang='lat' dir='ltr'><strong>radiare</strong></span> <span class='ocrx_word' id='word_1_263' title='bbox 956 3445 1096 3507; x_wconf 84' lang='lat' dir='ltr'><strong>feruntur</strong></span> 
     </span>
     <span class='ocr_line' id='line_1_33' title="bbox 323 3542 1099 3625; baseline 0 -22"><span class='ocrx_word' id='word_1_264' title='bbox 323 3543 382 3605; x_wconf 88' lang='lat' dir='ltr'><strong>Sed</strong></span> <span class='ocrx_word' id='word_1_265' title='bbox 404 3552 504 3605; x_wconf 89' lang='lat' dir='ltr'><strong>tamen</strong></span> <span class='ocrx_word' id='word_1_266' title='bbox 526 3554 649 3623; x_wconf 89' lang='lat' dir='ltr'><strong>apparet</strong></span> <span class='ocrx_word' id='word_1_267' title='bbox 671 3545 727 3606; x_wconf 91' lang='lat' dir='ltr'><strong>sub</strong></span> <span class='ocrx_word' id='word_1_268' title='bbox 751 3563 841 3625; x_wconf 88' lang='lat' dir='ltr'><strong>opaca</strong></span> <span class='ocrx_word' id='word_1_269' title='bbox 863 3544 986 3624; x_wconf 89' lang='lat' dir='ltr'><strong>septima</strong></span> <span class='ocrx_word' id='word_1_270' title='bbox 1011 3542 1099 3604; x_wconf 92' lang='lat' dir='ltr'><strong>nube.</strong></span> 
     </span>
    </p>
   </div>
   <div class='ocr_carea' id='block_1_8' title="bbox 156 3667 1302 4439">
    <p class='ocr_par' dir='ltr' id='par_1_11' title="bbox 156 3667 1302 4439">
     <span class='ocr_line' id='line_1_34' title="bbox 157 3667 1300 3749; baseline -0.002 -19"><span class='ocrx_word' id='word_1_271' title='bbox 157 3668 282 3730; x_wconf 90' lang='lat' dir='ltr'><strong>Radiant</strong></span> <span class='ocrx_word' id='word_1_272' title='bbox 310 3669 421 3730; x_wconf 90' lang='lat' dir='ltr'><strong>scilicet</strong></span> <span class='ocrx_word' id='word_1_273' title='bbox 451 3676 519 3731; x_wconf 89' lang='lat' dir='ltr'><strong>ante</strong></span> <span class='ocrx_word' id='word_1_274' title='bbox 550 3669 649 3732; x_wconf 90' lang='lat' dir='ltr'><strong>Persei</strong></span> <span class='ocrx_word' id='word_1_275' title='bbox 684 3689 761 3749; x_wconf 88' lang='lat' dir='ltr'><strong>genu</strong></span> <span class='ocrx_word' id='word_1_276' title='bbox 791 3672 915 3731; x_wconf 86' lang='lat' dir='ltr'><strong>laevum.</strong></span> <span class='ocrx_word' id='word_1_277' title='bbox 968 3669 1052 3743; x_wconf 82' lang='lat' dir='ltr'><strong>Quod</strong></span> <span class='ocrx_word' id='word_1_278' title='bbox 1081 3669 1107 3729; x_wconf 90' lang='lat' dir='ltr'><strong>si</strong></span> <span class='ocrx_word' id='word_1_279' title='bbox 1135 3667 1300 3730; x_wconf 92' lang='lat' dir='ltr'><strong>indubitata</strong></span> 
     </span>
     <span class='ocr_line' id='line_1_35' title="bbox 156 3766 1302 3849; baseline -0.002 -21"><span class='ocrx_word' id='word_1_280' title='bbox 156 3767 241 3828; x_wconf 90' lang='lat' dir='ltr'><strong>lectio</strong></span> <span class='ocrx_word' id='word_1_281' title='bbox 265 3785 355 3847; x_wconf 77' lang='lat' dir='ltr'><strong>penus</strong></span> <span class='ocrx_word' id='word_1_282' title='bbox 370 3774 424 3840; x_wconf 90' lang='lat' dir='ltr'><strong>est,</strong></span> <span class='ocrx_word' id='word_1_283' title='bbox 448 3769 650 3848; x_wconf 88' lang='lat' dir='ltr'><strong>reputandum</strong></span> <span class='ocrx_word' id='word_1_284' title='bbox 666 3787 801 3849; x_wconf 92' lang='lat' dir='ltr'><strong>propono</strong></span> <span class='ocrx_word' id='word_1_285' title='bbox 828 3769 907 3848; x_wconf 87' lang='lat' dir='ltr'><strong>quod</strong></span> <span class='ocrx_word' id='word_1_286' title='bbox 925 3768 1025 3829; x_wconf 86' lang='lat' dir='ltr'><strong>Cicero</strong></span> <span class='ocrx_word' id='word_1_287' title='bbox 1041 3785 1159 3847; x_wconf 87' lang='lat' dir='ltr'><strong>quoque</strong></span> <span class='ocrx_word' id='word_1_288' title='bbox 1182 3766 1302 3847; x_wconf 89' lang='lat' dir='ltr'><strong>scripsit</strong></span> 
     </span>
     <span class='ocr_line' id='line_1_36' title="bbox 156 3865 1301 3947; baseline -0.001 -22"><span class='ocrx_word' id='word_1_289' title='bbox 156 3865 188 3925; x_wconf 93' lang='lat' dir='ltr'><strong>in</strong></span> <span class='ocrx_word' id='word_1_290' title='bbox 212 3866 325 3926; x_wconf 83' lang='lat' dir='ltr'><strong>Arateis</strong></span> <span class='ocrx_word' id='word_1_291' title='bbox 350 3885 375 3926; x_wconf 90' lang='lat' dir='ltr'><strong>v.</strong></span> <span class='ocrx_word' id='word_1_292' title='bbox 393 3865 450 3928; x_wconf 80' lang='lat'><strong>27:</strong></span> <span class='ocrx_word' id='word_1_293' title='bbox 474 3867 508 3928; x_wconf 83' lang='lat' dir='ltr'><strong>dt</strong></span> <span class='ocrx_word' id='word_1_294' title='bbox 526 3877 645 3947; x_wconf 82' lang='lat' dir='ltr'><strong>propter</strong></span> <span class='ocrx_word' id='word_1_295' title='bbox 668 3869 782 3929; x_wconf 83' lang='lat' dir='ltr'><strong>laevum</strong></span> <span class='ocrx_word' id='word_1_296' title='bbox 801 3885 890 3947; x_wconf 77' lang='lat' dir='ltr'><strong>pertus</strong></span> <span class='ocrx_word' id='word_1_297' title='bbox 915 3866 1039 3940; x_wconf 80' lang='lat' dir='ltr'><strong>(Persei)</strong></span> <span class='ocrx_word' id='word_1_298' title='bbox 1063 3869 1141 3926; x_wconf 79' lang='lat' dir='ltr'><strong>ononi</strong></span> <span class='ocrx_word' id='word_1_299' title='bbox 1161 3883 1198 3924; x_wconf 82' lang='lat' dir='ltr'><strong>esc</strong></span> <span class='ocrx_word' id='word_1_300' title='bbox 1216 3873 1301 3944; x_wconf 84' lang='lat' dir='ltr'><strong>parte</strong></span> 
     </span>
     <span class='ocr_line' id='line_1_37' title="bbox 158 3963 1301 4047; baseline 0.002 -23"><span class='ocrx_word' id='word_1_301' title='bbox 158 3963 265 4026; x_wconf 74' lang='lat' dir='ltr'><strong>locotus</strong></span> <span class='ocrx_word' id='word_1_302' title='bbox 288 3963 398 4026; x_wconf 85' lang='lat' dir='ltr'><strong>Parvos</strong></span> <span class='ocrx_word' id='word_1_303' title='bbox 420 3964 558 4047; x_wconf 75' lang='lat' dir='ltr'><strong>Vergilias</strong></span> <span class='ocrx_word' id='word_1_304' title='bbox 582 3984 642 4043; x_wconf 87' lang='lat' dir='ltr'><strong>eqs.</strong></span> <span class='ocrx_word' id='word_1_305' title='bbox 667 3965 716 4044; x_wconf 86' lang='lat' dir='ltr'><strong>(cf.</strong></span> <span class='ocrx_word' id='word_1_306' title='bbox 732 3966 840 4027; x_wconf 91' lang='lat' dir='ltr'><strong>ibidem</strong></span> <span class='ocrx_word' id='word_1_307' title='bbox 863 3985 889 4026; x_wconf 87' lang='lat' dir='ltr'><strong>v.</strong></span> <span class='ocrx_word' id='word_1_308' title='bbox 905 3965 975 4045; x_wconf 85' lang='grc'>45);</span> <span class='ocrx_word' id='word_1_309' title='bbox 997 3965 1067 4043; x_wconf 86' lang='lat' dir='ltr'><strong>fingi</strong></span> <span class='ocrx_word' id='word_1_310' title='bbox 1090 3970 1189 4044; x_wconf 87' lang='lat' dir='ltr'><strong>potest</strong></span> <span class='ocrx_word' id='word_1_311' title='bbox 1210 3963 1301 4040; x_wconf 87' lang='lat' dir='ltr'><strong>igitur</strong></span> 
     </span>
     <span class='ocr_line' id='line_1_38' title="bbox 157 4061 1300 4143; baseline -0.001 -20"><span class='ocrx_word' id='word_1_312' title='bbox 157 4062 302 4124; x_wconf 90' lang='lat' dir='ltr'><strong>Nasonem</strong></span> <span class='ocrx_word' id='word_1_313' title='bbox 326 4062 545 4125; x_wconf 88' lang='lat' dir='ltr'><strong>adulescentem</strong></span> <span class='ocrx_word' id='word_1_314' title='bbox 570 4064 601 4124; x_wconf 94' lang='lat' dir='ltr'><strong>in</strong></span> <span class='ocrx_word' id='word_1_315' title='bbox 625 4064 695 4124; x_wconf 92' lang='lat' dir='ltr'><strong>ludo</strong></span> <span class='ocrx_word' id='word_1_316' title='bbox 717 4065 872 4125; x_wconf 90' lang='lat' dir='ltr'><strong>rhetorum</strong></span> <span class='ocrx_word' id='word_1_317' title='bbox 896 4065 1005 4125; x_wconf 91' lang='lat' dir='ltr'><strong>artiore</strong></span> <span class='ocrx_word' id='word_1_318' title='bbox 1032 4062 1126 4143; x_wconf 91' lang='lat' dir='ltr'><strong>spatio</strong></span> <span class='ocrx_word' id='word_1_319' title='bbox 1150 4061 1300 4124; x_wconf 86' lang='lat' dir='ltr'><strong>Ciceronis</strong></span> 
     </span>
     <span class='ocr_line' id='line_1_39' title="bbox 158 4159 1299 4242; baseline -0.001 -21"><span class='ocrx_word' id='word_1_320' title='bbox 158 4180 233 4241; x_wconf 92' lang='lat' dir='ltr'><strong>opus</strong></span> <span class='ocrx_word' id='word_1_321' title='bbox 257 4161 527 4240; x_wconf 83' lang='lat' dir='ltr'><strong>comprehendisse.</strong></span> <span class='ocrx_word' id='word_1_322' title='bbox 566 4164 652 4223; x_wconf 86' lang='lat' dir='ltr'><strong>Certe</strong></span> <span class='ocrx_word' id='word_1_323' title='bbox 674 4180 742 4223; x_wconf 90' lang='lat' dir='ltr'><strong>cum</strong></span> <span class='ocrx_word' id='word_1_324' title='bbox 758 4162 952 4242; x_wconf 88' lang='lat' dir='ltr'><strong>provectioris</strong></span> <span class='ocrx_word' id='word_1_325' title='bbox 974 4161 1044 4223; x_wconf 90' lang='lat' dir='ltr'><strong>artis</strong></span> <span class='ocrx_word' id='word_1_326' title='bbox 1061 4160 1198 4241; x_wconf 88' lang='lat' dir='ltr'><strong>operibus</strong></span> <span class='ocrx_word' id='word_1_327' title='bbox 1220 4159 1299 4221; x_wconf 91' lang='lat' dir='ltr'><strong>istud</strong></span> 
     </span>
     <span class='ocr_line' id='line_1_40' title="bbox 158 4259 1300 4340; baseline 0 -22"><span class='ocrx_word' id='word_1_328' title='bbox 158 4259 298 4337; x_wconf 92' lang='lat' dir='ltr'><strong>componi</strong></span> <span class='ocrx_word' id='word_1_329' title='bbox 321 4261 496 4339; x_wconf 89' lang='lat' dir='ltr'><strong>opusculum</strong></span> <span class='ocrx_word' id='word_1_330' title='bbox 514 4261 616 4321; x_wconf 91' lang='lat' dir='ltr'><strong>nolim.</strong></span> <span class='ocrx_word' id='word_1_331' title='bbox 632 4293 672 4303; x_wconf 94' lang='lat'><em>-</em></span> <span class='ocrx_word' id='word_1_332' title='bbox 696 4261 791 4340; x_wconf 79' lang='lat' dir='ltr'><strong>Atque</strong></span> <span class='ocrx_word' id='word_1_333' title='bbox 807 4260 1024 4322; x_wconf 88' lang='lat' dir='ltr'><strong>adulescentiae</strong></span> <span class='ocrx_word' id='word_1_334' title='bbox 1040 4259 1165 4321; x_wconf 88' lang='lat' dir='ltr'><strong>alterum</strong></span> <span class='ocrx_word' id='word_1_335' title='bbox 1181 4277 1300 4338; x_wconf 87' lang='lat' dir='ltr'><strong>quoque</strong></span> 
     </span>
     <span class='ocr_line' id='line_1_41' title="bbox 158 4356 1301 4439; baseline 0.001 -24"><span class='ocrx_word' id='word_1_336' title='bbox 158 4357 334 4435; x_wconf 90' lang='lat' dir='ltr'><strong>opusculum</strong></span> <span class='ocrx_word' id='word_1_337' title='bbox 356 4365 404 4418; x_wconf 94' lang='lat' dir='ltr'><strong>est</strong></span> <span class='ocrx_word' id='word_1_338' title='bbox 426 4358 505 4437; x_wconf 91' lang='lat' dir='ltr'><strong>quod</strong></span> <span class='ocrx_word' id='word_1_339' title='bbox 528 4358 563 4418; x_wconf 94' lang='lat' dir='ltr'><strong>ad</strong></span> <span class='ocrx_word' id='word_1_340' title='bbox 592 4357 689 4418; x_wconf 90' lang='lat' dir='ltr'><strong>studia</strong></span> <span class='ocrx_word' id='word_1_341' title='bbox 711 4377 811 4421; x_wconf 88' lang='lat' dir='ltr'><strong>severa</strong></span> <span class='ocrx_word' id='word_1_342' title='bbox 835 4359 926 4439; x_wconf 86' lang='lat' dir='ltr'><strong>magis</strong></span> <span class='ocrx_word' id='word_1_343' title='bbox 947 4376 1035 4438; x_wconf 87' lang='lat' dir='ltr'><strong>quam</strong></span> <span class='ocrx_word' id='word_1_344' title='bbox 1057 4357 1093 4419; x_wconf 92' lang='lat' dir='ltr'><strong>ad</strong></span> <span class='ocrx_word' id='word_1_345' title='bbox 1115 4356 1215 4418; x_wconf 88' lang='lat' dir='ltr'><strong>lusum</strong></span> <span class='ocrx_word' id='word_1_346' title='bbox 1238 4357 1301 4417; x_wconf 91' lang='lat' dir='ltr'><strong>ele-</strong></span> 
     </span>
    </p>
   </div>
   <div class='ocr_carea' id='block_1_9' title="bbox 0 0 1466 5018">
    <p class='ocr_par' dir='ltr' id='par_1_12' title="bbox 0 0 1466 5018">
     <span class='ocr_line' id='line_1_42' title="bbox 0 0 1466 5018; baseline 0 0"><span class='ocrx_word' id='word_1_347' title='bbox 0 0 1466 5018; x_wconf 95' lang='lat' dir='ltr'><strong> </strong></span> 
     </span>
    </p>
   </div>
  </div>
 </body>
</html>
