2924 5018
611 312 855 376 -176-

242 487 384 550 thranis
418 506 526 569 quem
559 487 622 550 alii
656 489 811 568 xiphian
847 498 992 566 vocant3
1028 488 1196 552 attulimus
1225 507 1318 570 supra

155 586 253 649 locum
266 586 456 663 Xenocratis3
472 587 536 649 ideo
549 588 627 668 apud
639 587 806 650 Marcellum
819 588 942 650 Sidetan
953 587 1191 668 coniunguntur
1202 585 1318 672 ξιφίαι

157 687 298 768 θρανίαι
321 707 365 748 τε.
409 685 492 766 Apud
525 686 705 767 Hesychinm
736 686 942 767 interpretatio
965 680 1123 769 θρανίαι·
1157 677 1317 770 θρόμβοι

154 804 246 846 senso
270 780 352 845 omni
374 784 514 846 destituta
537 792 597 861 est;
622 784 670 847 uhi
693 784 773 865 qnod
796 785 977 847 Schmidtius
1000 785 1162 867 proposuit
1188 782 1315 868 ῥόμβοι

155 884 275 945 credere
307 883 353 944 vix
385 883 516 957 audebis,
549 902 647 964 neque
670 881 819 965 θρόμβοι
842 883 881 946 ita
902 884 1013 946 habent
1045 890 1080 944 ut
1111 884 1182 946 uati
1211 902 1316 947 errore

156 982 318 1045 videantur.
355 983 456 1045 Restat
471 984 527 1045 hoc
550 994 583 1046 ut
604 984 745 1045 contlatas
767 984 841 1045 duas
864 983 1007 1045 lectiones
1030 1002 1097 1045 esse
1119 991 1316 1057 statuamus3

155 1089 315 1160 quaeratur
347 1080 437 1160 igitur
470 1100 526 1142 vox
558 1100 622 1143 rara
654 1077 802 1164 θρόμβοι
842 1080 1080 1162 interpretationi
1114 1091 1200 1163 apta.
1250 1084 1315 1145 lam

155 1175 274 1261 θραύω
307 1178 400 1259 (unde
434 1176 581 1262 θραυρός
608 1180 782 1260 Hesychius,
816 1175 965 1262 θραιιλός
991 1180 1114 1261 Suidas)
1149 1182 1315 1263 frangendi

156 1278 244 1341 habet
265 1279 431 1352 notionem,
456 1280 535 1341 unde
550 1275 732 1360 θρανόσσω
755 1289 785 1342 et
804 1272 1019 1363 συνθρανόοις
1042 1280 1208 1344 συστᾶσα]
1224 1283 1314 1363 plane

156 1380 280 1440 alterum
309 1378 379 1439 illud
408 1378 493 1458 gladii
520 1378 611 1459 piscis
634 1396 746 1440 nornen
768 1381 913 1460 θρανίας
935 1380 1096 1442 deductum
1124 1380 1235 1461 ipsum
1256 1381 1314 1443 tau

155 1478 264 1558 quippe
280 1477 331 1556 qui
346 1477 434 1556 piscis
450 1494 539 1538 naves
554 1477 704 1557 frangeret
717 1478 821 1558 gladio.
860 1478 955 1540 Etiam
978 1477 1060 1540 lactis
1082 1477 1174 1541 tracti
1194 1479 1314 1542 cassiae

155 1575 311 1656 particulas
333 1576 389 1638 hoc
411 1574 501 1637 verbo
524 1576 703 1656 significasse
725 1576 851 1657 aliquem
882 1577 1003 1656 cogitari
1025 1584 1141 1658 potest,
1175 1586 1214 1640 ut
1236 1578 1313 1640 deli-

155 1676 249 1737 tuisse
282 1674 339 1736 tale
361 1675 431 1754 quid
466 1674 599 1754 quamvis
621 1675 792 1736 dubitanter
814 1675 970 1737 coniciam:
1004 1676 1171 1758 θρανίας·
1212 1675 1313 1756 ίχθός

155 1769 264 1846 ποιός.
308 1771 485 1856 θρανίδια·
517 1771 677 1856 θρόμβοι.

239 1872 387 1934 thrissa.
431 1870 595 1944 τευθίδος·
629 1875 761 1955 σηπίαι·
795 1873 975 1955 θρίσ(σ)αι.

241 1973 364 2033 tethea
386 1990 443 2051 qua
465 1972 560 2033 forma
583 1991 645 2033 non
661 1990 734 2034 usus
749 1973 923 2035 Aristoteles
939 1981 1000 2034 est:
1023 1969 1145 2054 τήθεα·
1169 1969 1309 2057 ὄστρεα-ς

155 2071 243 2131 simul
264 2070 448 2133 Aristotelian
472 2066 643 2151 τρθόα...
668 2070 723 2131 καὶ
746 2068 835 2143 εἶδος
858 2063 994 2149 ἱχθόιον.

239 2167 388 2248 xiphias.
442 2164 564 2247 ξιφίας·
599 2167 698 2246 ἰχθὺς
731 2167 920 2242 ποιός
946 2168 1057 2252 ξίφους
1089 2164 1243 2251 όμσίως;
1280 2179 1307 2233 et

155 2269 301 2350 σκιφίας·
337 2263 425 2338 εἶδος
450 2265 579 2343 ἰχθύος.

241 2365 297 2427 Sed
323 2364 403 2426 enim
426 2365 510 2444 plura
533 2365 691 2426 accedunt:

240 2463 382 2525 asellus·
414 2457 507 2534 ὄνος·
531 2459 586 2523 καὶ
604 2460 702 2541 ίχθός
725 2461 823 2536 ποιός
845 2459 864 2526 ό
888 2461 942 2526 καὶ
960 2459 1093 2537 όνίσκος
1111 2460 1306 2549 λεγόμενοςς

155 2569 185 2623 et
206 2555 341 2643 χρεμός·
376 2553 393 2620 ὁ
417 2553 546 2633 ὀνίσκος
569 2558 675 2638 ίχθός.

240 2659 403 2720 helenae.
448 2657 519 2720 Mala
543 2658 684 2720 similium
707 2678 807 2722 rerum
832 2661 1007 2723 contusione
1032 2670 1062 2723 et
1087 2659 1225 2742 ’βόαλολ
1249 2664 1304 2745 (rel

155 2757 253 2839 potius
278 2753 438 2838 -βδίλλαι,
473 2757 594 2838 Pearso)
623 2767 652 2820 et
678 2753 794 2838 βέλλαι
821 2760 898 2840 apud
927 2760 1106 2841 Hesychiunr
1140 2764 1306 2842 explicatur

156 2854 294 2939 ῥαφίδες
348 2851 554 2928 θαλάσσιαι,
609 2856 690 2936 quod
737 2857 808 2918 otim
860 2858 897 2919 ad
940 2853 1076 2940 βελόναι
1120 2859 1304 2940 pertinuisse

156 2954 338 3017 Schmidtios
361 2953 581 3029 animadvertit3
603 2955 641 3016 cf.
658 2954 763 3016 Athen.
778 2974 808 3035 p.
825 2955 929 3018 3190.
967 2957 1134 3021 Numerum
1157 2961 1313 3040 pluralem⁴

155 3053 268 3116 Plinius
292 3071 421 3134 quoque.

241 3151 437 3214 batracbus
472 3160 654 3214 memoratur
682 3153 860 3215 lectionibus
888 3148 1081 3237 βρατάχοσς.
1115 3150 1304 3240 βατράχους

156 3261 185 3313 et
212 3249 382 3333 βρόταχος·
419 3247 582 3333 βάτραχος
612 3261 643 3314 et
670 3248 826 3333 βάβακος·
862 3247 930 3317 dno
959 3247 1098 3315 Ἠλείαν
1128 3256 1302 3336 ιέττιγχτς·

157 3346 224 3415 dard
248 3349 418 3414 Ποντικόν
439 3347 477 3411 δὲ
499 3345 660 3430 βάτραχοι
694 3351 751 3412 nisi
779 3352 859 3432 quod
887 3352 917 3413 in
941 3352 975 3413 iis
997 3352 1110 3432 piscem
1133 3353 1303 3419 hunc-esse

156 3467 216 3511 non
240 3450 408 3511 adnotatur.
446 3448 549 3530 Neque
570 3468 641 3512 vero
656 3449 849 3530 probabiliter
864 3470 899 3512 ex
921 3451 1036 3513 vitiosis
1057 3451 1114 3513 illis
1136 3449 1302 3534 βάτραχος

156 3545 296 3628 ἐσχάρας
323 3534 412 3620 εἶδος
444 3565 482 3609 ne
511 3547 677 3610 litterarum
700 3550 821 3629 quidem
845 3549 940 3611 ordini
963 3549 1191 3613 oboedientibus
1212 3552 1303 3615 resti-

156 3656 221 3707 tues
244 3643 406 3726 βάτραχσς
430 3643 548 3725 ίχθόσς
570 3645 667 3721 εἶδος.
710 3648 806 3709 lmmo
833 3649 989 3728 legendum
1013 3645 1134 3733 βάτρα·
1161 3646 1302 3734 ίσχάρας

156 3741 245 3816 εἶδος
267 3751 298 3804 et
320 3745 728 3808 conterendnsVitruviusX
749 3747 862 3821 11,19.
892 3748 935 3810 lta
957 3748 1102 3809 etiamad
1125 3750 1300 3812 merulam

155 3837 337 3926 κόσσυφος·
362 3838 467 3923 ὄνομα
483 3843 609 3926 πτηνοῦ
631 3845 780 3908 omittitur
795 3844 850 3906 καὶ
876 3841 1004 3924 ἰχθύος.
1042 3847 1179 3927 hlopex
1200 3856 1300 3910 autam

155 3945 206 4020 (ita
229 3943 355 4005 traditur
379 3943 409 4003 iu
433 3961 494 4004 uno
518 3943 740 4026 Bamberqensi3
774 3946 880 4028 reliqui
903 3947 965 4009 iere
987 3946 1098 4028 oloptc3
1131 3964 1301 4028 quaecum

156 4062 193 4105 ne
216 4043 256 4105 ita
279 4042 432 4105 concilies:
466 4042 578 4124 alopen.
601 4045 752 4126 alopecias)
787 4045 834 4105 vix
855 4045 1055 4125 cogitatur-in
1079 4045 1152 4108 mira
1174 4043 1303 4128 llesychi

155 4142 279 4205 lectione
313 4139 475 4215 ἕλέποκες·
522 4141 620 4220 ἰχθὺς
653 4138 768 4225 ὅμοιος
802 4143 928 4228 pretor.
983 4145 1076 4207 Porro
1108 4145 1304 4227 acipenssr

155 4242 280 4320 ponitur
313 4249 383 4321 puta
421 4260 476 4321 pro
511 4241 616 4321 elope
648 4243 730 4304 cuius
764 4243 843 4304 vocis
880 4243 1033 4323 explicatio
1062 4252 1097 4304 et
1128 4244 1303 4307 Athenaeus

155 4338 242 4400 babet
279 4348 308 4401 et
344 4338 392 4400 alii
430 4347 459 4398 et
489 4338 666 4419 Hesychius:
705 4338 853 4412 ἔλλοπες·
891 4338 1081 4414 ἐλλιπόντος
1114 4342 1171 4426 τῆς
1204 4339 1301 4418 onte,

154 4440 323 4500 τουτέστιν
355 4433 528 4518 ἄφθογγοι
556 4433 697 4520 ἄφωνοι.
740 4440 906 4502 Bacchus
933 4440 970 4501 ab
993 4440 1152 4503 Aristotele
1172 4442 1303 4517 alinum,
