2924 5018
664 310 858 374 -ρ,

192 488 253 553 veri
276 488 441 570 argumenti
464 490 604 551 indicem.
645 489 704 550 lam
728 507 797 549 vero
821 489 872 566 qui
895 488 992 550 studia
1014 487 1132 567 antiqua
1156 489 1187 550 in
1210 489 1333 551 historia

193 591 319 652 naturali
341 589 438 669 posita
461 596 674 668 persequentes
698 588 729 647 in
751 587 807 648 hoc
828 605 946 647 carmen
963 587 1050 647 delati
1066 596 1146 661 sunt,
1169 607 1231 650 rem
1247 608 1333 650 cura-

192 689 263 749 bant
290 706 353 749 non
385 697 493 761 artem,
526 687 656 767 reliquos
689 686 752 765 ipsa
781 704 814 746 re
841 685 982 745 deterreri
1009 686 1109 764 potius
1131 704 1254 748 necesse
1276 688 1333 748 fuit

192 788 276 848 cuius
292 787 492 847 humilitatem
507 804 546 847 ne
561 794 623 846 arte
640 785 757 864 quidem
774 784 863 844 levari
880 783 1016 845 videbant
1032 786 1197 863 grandiore.
1232 786 1332 865 ltaque

191 885 249 945 iam
272 886 330 945 hoc
352 903 405 963 pro
428 883 537 945 iudicio
562 894 641 953 este,
672 883 751 961 quod
774 900 863 943 nemo
887 901 939 960 per
962 891 1078 944 tantum
1102 883 1231 962 spatium
1254 890 1332 945 tem·

191 983 273 1062 poris
302 1001 422 1044 carmen
450 982 529 1043 istud
557 999 595 1042 ne
625 982 719 1042 dicam
743 998 855 1053 amare,
889 982 939 1041 sed
964 981 1130 1043 examinare
1153 991 1331 1061 pertractare

191 1082 307 1144 mendis
330 1081 455 1142 liberare
478 1088 566 1160 atque
589 1080 634 1140 rel
656 1090 789 1141 accurate
812 1080 960 1159 perlegere
983 1080 1113 1160 suscepit
1134 1080 1164 1140 id
1185 1082 1262 1159 quod
1280 1081 1332 1141 de-

190 1180 253 1241 beri
268 1199 339 1240 sane
367 1179 565 1242 illustrissimo
589 1179 742 1257 scriptoris
765 1178 879 1239 nomini
902 1178 1019 1239 dixeris.
1043 1178 1208 1257 -Neque
1231 1187 1332 1240 tamen

191 1279 350 1340 defuerunt
380 1279 486 1357 quibus
518 1277 688 1338 inertiarum
716 1276 860 1356 poematis
883 1276 1047 1338 observatio
1075 1278 1247 1356 scrupulum
1275 1278 1332 1338 ini-

191 1385 271 1437 ceret
286 1376 419 1456 quamvis
431 1376 582 1454 ambigua3
599 1375 689 1436 veluti
704 1376 738 1435 ad
751 1375 882 1453 primum
896 1393 1012 1436 versum
1024 1375 1192 1436 adscribere
1208 1375 1332 1435 Ciofa-

190 1493 275 1535 num
306 1475 444 1552 legimus:
475 1477 591 1546 „multa
620 1475 706 1535 huius
729 1473 862 1553 principii
887 1475 1008 1535 erimina
1032 1473 1209 1553 (‘mrnrina’
1232 1474 1331 1535 infeli-

190 1573 263 1634 citer
278 1573 483 1645 Burmannus)
506 1593 565 1635 una
588 1592 656 1634 cum
674 1572 920 1650 ingeniosissimis
935 1580 1023 1652 atque
1040 1573 1245 1634 eruditissimis
1263 1573 1331 1633 viris

189 1670 278 1732 Petro
301 1671 445 1733 Ciaceono
469 1680 498 1733 et
520 1673 558 1733 M.
580 1673 710 1734 Antonio
732 1671 873 1732 Murato
898 1670 993 1732 Ovidii
1020 1689 1083 1733 non
1107 1690 1172 1732 esse
1194 1678 1331 1732 censeat

189 1768 329 1832 Iuvenilis
358 1779 432 1832 tuuc
458 1780 546 1850 atque
575 1770 699 1832 celerior
720 1769 895 1850 philologia3
928 1769 1029 1830 sensui
1050 1770 1180 1848 parebat,
1203 1788 1330 1831 consen-

189 1886 256 1928 sum
285 1886 347 1929 nou
373 1869 510 1946 rogabam
543 1869 583 1929 ita
611 1869 763 1928 ltarthio
791 1868 823 1927 in
846 1867 1018 1929 adversariis
1041 1868 1233 1929 audacissime
1256 1886 1331 1929 con-

188 1967 307 2045 scriptis
330 1966 502 2028 brevissime
524 1966 654 2044 tangitur
669 1965 822 2026 llalieutici
843 1966 910 2026 libri
933 1966 1061 2045 scriptor
1082 1964 1186 2043 (XLIX
1201 1985 1262 2044 cap.
1281 1967 1330 2042 7);

189 2064 364 2144 „Olympius
386 2072 490 2126 tamen
504 2073 588 2145 puto,
610 2083 672 2126 non
689 2064 809 2126 Ovidius
816 2083 825 2137 ,·
847 2082 916 2124 nam
933 2063 1144 2125 Nemesianum
1167 2065 1331 2126 llalieutica

189 2163 344 2242 scripsisse
366 2163 440 2224 adeo
462 2181 567 2224 verum
588 2172 633 2224 est
649 2207 656 2223 .
674 2208 680 2223 .
698 2207 728 2224 ..
753 2162 844 2224 Stilus
868 2171 968 2223 autem
991 2162 1079 2222 huius
1095 2162 1253 2241 fragmenti
1275 2181 1330 2242 po-

189 2260 249 2321 tius
278 2270 308 2322 et
338 2280 442 2322 aevum
471 2269 501 2322 et
527 2261 680 2339 ingenium
704 2261 831 2339 Olympii
860 2262 966 2332 refert,
998 2279 1086 2340 quam
1110 2259 1222 2334 Ovidii,
1252 2261 1331 2339 quod

188 2377 278 2422 nemo
312 2361 449 2440 equidem
483 2361 647 2438 negaverim
679 2368 709 2420 et
737 2359 806 2420 inde
835 2359 978 2420 iudicium
1008 2359 1191 2421 irrefutabile
1222 2359 1330 2420 merito

190 2477 309 2521 summo
339 2456 492 2538 eapitur‘u
553 2460 640 2532 Quod
673 2459 780 2520 merito
808 2477 880 2520 sane
908 2477 1026 2518 summo
1061 2477 1158 2537 neque
1185 2456 1330 2518 levissime

189 2556 351 2618 iudicatum
379 2566 473 2628 esset,
507 2557 531 2618 si
561 2575 669 2636 negare
697 2557 751 2618 viri
773 2557 822 2618 isti
844 2556 908 2617 sine
931 2556 1127 2617 affirmatione
1150 2555 1330 2616 calluissent.

189 2654 302 2716 Eodem
326 2655 478 2717 dubitandi
499 2656 598 2717 studio
621 2663 684 2716 orta
708 2656 781 2716 mira
803 2655 850 2716 illa
867 2656 953 2716 verba
969 2655 1108 2716 videntur
1123 2674 1197 2735 quae
1213 2654 1331 2733 scripsit

189 2753 304 2814 Pierius
323 2755 495 2816 Valerianus
517 2755 549 2817 in
571 2754 802 2834 Hieroglpphieis
826 2755 861 2814 de
885 2755 943 2815 hoc
964 2754 1110 2815 carmine:
1133 2755 1231 2833 „quod
1255 2771 1329 2831 opus

189 2852 259 2912 olim
286 2871 302 2912 a
330 2852 448 2931 Nigidio
477 2853 683 2914 elucubratum
712 2872 778 2914 esse
800 2852 909 2913 aiunt“
932 2849 967 2931 (i)
1011 2871 1085 2931 quae
1114 2871 1173 2932 quo
1197 2852 1330 2913 nitantur

188 2967 251 3011 nou
276 2949 440 3025 invenitur3
473 2952 510 3012 cf.
539 2970 614 3030 quae
641 2951 725 3012 solita
753 2950 886 3012 doctrina
914 2951 1045 3037 enotavit
1073 2949 1111 3009 ll.
1134 2949 1270 3010 llertzius
1297 2948 1329 3008 in

187 3046 261 3108 libro
284 3047 326 3108 De
348 3048 380 3108 P.
396 3048 503 3127 Nigidii
525 3048 618 3127 rigni
641 3048 746 3109 studiis
769 3059 858 3128 atque
880 3049 1017 3127 operibus
1043 3047 1153 3127 scripto
1176 3067 1204 3126 p.
1230 3044 1270 3105 49
1283 3064 1328 3124 sq.

187 3145 260 3206 Post
281 3146 434 3208 Barthium
456 3146 598 3208 Ulitius
613 3147 656 3209 rei
672 3147 821 3209 venaticae
836 3153 951 3208 amator
966 3154 995 3208 et
1011 3164 1072 3208 non
1096 3145 1194 3206 minus
1217 3143 1328 3204 illiner-

186 3261 253 3303 vam
280 3244 435 3305 montibus
457 3262 547 3323 quam
570 3244 680 3306 chartis
703 3244 824 3305 Dianam
847 3245 979 3307 inerrare
1002 3252 1140 3323 expertus
1162 3261 1231 3304 cnm
1253 3241 1328 3303 Gra-

185 3340 262 3403 tium
284 3360 374 3404 suum
397 3349 428 3403 et
449 3343 551 3403 ederet
573 3350 602 3404 et
621 3343 790 3416 illustraret,
814 3342 924 3422 sprevit
939 3343 1058 3422 quidem
1074 3341 1252 3420 Olympium,
1275 3341 1328 3401 sed

185 3437 277 3518 ipsius
300 3440 383 3501 Grati
400 3458 512 3502 nomen
526 3439 700 3521 piscatoriae
722 3441 779 3502 arti
800 3441 923 3516 adiecit3
945 3440 1141 3520 nequeenim
1164 3457 1234 3500 casu
1251 3439 1329 3500 hauc

187 3536 325 3597 credebat
357 3538 521 3618 antiquitus
549 3547 578 3601 ct
605 3538 640 3601 ab
671 3538 820 3602 ovidianis
850 3539 967 3618 scriptis
993 3538 1133 3601 omnibus
1163 3544 1328 3616 separatam

185 3634 240 3713 legi
262 3644 293 3696 et
316 3637 475 3714 praelixam
497 3637 607 3699 Gratia.
653 3639 748 3710 Quam
772 3639 895 3699 eandem
918 3638 1094 3700 sententiam
1110 3637 1327 3698 Wcrnsdorfius

186 3735 339 3814 amplexus
362 3736 513 3798 sermonis
535 3755 653 3816 quoque
670 3735 802 3797 Gratiani
824 3737 957 3815 exempla
981 3756 1016 3797 ex
1038 3734 1206 3797 Halieutieis
1230 3733 1328 3813 expis-

186 3832 246 3894 cari
273 3833 433 3895 intentiore
462 3835 561 3896 studio
585 3833 725 3913 suscepit.
769 3835 874 3914 ltaque
902 3833 1058 3897 subditicia
1081 3833 1240 3895 Halieutica
1262 3850 1327 3894 essa

184 3931 257 3991 adeo
280 3930 402 4010 planum
425 3941 497 4004 erat,
521 3941 555 3993 ut
576 3932 653 3994 bene
676 3933 785 3994 mereri
808 3933 834 3994 is
855 3933 976 3995 demum
992 3933 1143 3994 videretur
1158 3931 1208 4011 qui
1223 3948 1326 3991 veriam

184 4029 305 4090 tandem
337 4031 511 4108 scriptorem
540 4039 666 4092 erueret.
716 4032 792 4104 Quid
826 4031 982 4093 omiserint
1008 4031 1050 4092 illi
1078 4031 1226 4093 luculente
1259 4029 1326 4090 illu-

184 4135 296 4189 stratur
316 4129 502 4207 praelatione
524 4130 559 4190 R.
583 4129 683 4190 Sterni
704 4148 781 4191 anno
807 4127 887 4190 1832
911 4130 946 4191 ad
969 4129 1104 4191 Gratiam
1127 4128 1246 4207 scripta,
1277 4126 1327 4188 ubi

184 4225 274 4286 simul
296 4244 356 4287 uuo
380 4245 433 4287 ore
455 4235 485 4287 et
508 4237 630 4288 strenue
652 4236 801 4306 pugnatur
823 4237 926 4289 contra
941 4227 1178 4290 Wernsdorlium
1199 4227 1235 4287 de
1254 4225 1326 4304 ipsis

183 4322 356 4385 Halieutieis
383 4323 425 4404 (p.
448 4323 540 4400 XXll)
575 4333 604 4386 et
633 4325 784 4404 plauditur
813 4326 1013 4388 Wernsdorlie
1032 4327 1083 4413 'da
1119 4325 1225 4404 eclogis
1260 4325 1325 4386 Cal-

183 4421 337 4504 purnianis
370 4440 496 4501 quarum
529 4424 643 4486 nullam
677 4425 804 4487 dandam
834 4425 1011 4486 Nemesiano
1044 4441 1109 4484 esse
1137 4423 1249 4502 optime
1276 4422 1326 4485 illa
