2924 5018
621 273 843 336 „42-

158 448 246 511 verba
271 451 382 512 lecerit.
427 449 557 511 Plinium
581 467 649 511 vero
671 451 711 511 ita
736 468 799 511 rem
830 450 923 529 egisse
950 456 986 512 ut
1006 450 1122 530 saepius
1144 453 1305 524 existumo,

133 551 192 610 'ut
214 549 387 629 primarium
409 566 497 610 suum
520 556 673 610 auctorem
697 550 754 611 boc
767 551 832 611 loco
855 549 977 611 minime
993 550 1130 624 abiceret,
1153 551 1204 612 sed
1226 570 1304 613 cou-

159 647 258 708 cinere
291 648 348 708 bac
377 647 409 708 in
440 664 473 708 re
502 646 640 709 Ovidium
667 648 856 710 tritissimum
895 649 1069 711 recordatus
1102 651 1210 712 addere
1238 651 1305 712 suis

159 745 412 826 elegantissimum
439 754 590 808 auctorem
612 747 774 809 festinaret.
807 748 956 809 Elotcrton
970 749 1092 811 verbum
1111 748 1148 809 ad
1171 747 1305 828 dactylos

158 845 242 906 lacile
264 844 468 907 adhibebatur.
505 845 539 905 ln
554 847 765 926 manuscriptis
789 846 917 927 denique
940 847 1019 927 quod
1041 846 1214 909 inscribitur
1235 865 1305 908 car-

158 943 231 1004 mini
254 944 288 1004 dc
303 943 485 1006 medicamine
499 945 586 1023 facici
598 947 747 1025 semr‘ncoc,
772 945 842 1007 baec
857 946 993 1017 videlicet
1014 946 1203 1007 librariorum
1227 964 1304 1007 cou-
1333 987 1336 992 ‹

157 1041 269 1103 iectura
293 1048 338 1102 est
360 1060 422 1103 uon
441 1050 521 1104 reeta
544 1059 643 1124 neque
669 1045 766 1123 aptior
791 1063 824 1105 ea
858 1063 928 1124 qua·
948 1045 1020 1106 illud
1054 1046 1087 1107 dc
1116 1047 1242 1125 piscibus
1276 1056 1306 1106 et

156 1141 229 1221 [cris
250 1141 483 1203 Halieuticornm
511 1141 674 1222 fragmento
700 1142 909 1205 inscribebant.

242 1240 304 1301 lam
330 1260 399 1302 vero
427 1241 509 1302 rides
537 1242 573 1304 ad
600 1241 806 1303 doctissimum
832 1243 890 1303 boc
920 1261 1038 1304 carmen
1061 1242 1210 1305 Nasonem
1239 1261 1304 1304 uon

157 1339 250 1401 fnisse
272 1339 432 1419 impulsum
457 1341 516 1403 nisi
538 1358 606 1402 cura
630 1357 730 1401 rerum
750 1340 949 1402 humanarum
972 1350 1061 1420 atque
1076 1342 1304 1416 amatoriarum3

158 1456 227 1498 narn
251 1438 340 1499 etiam
367 1456 402 1498 eo
424 1447 510 1519 poeta
536 1458 625 1501 verus
648 1439 720 1511 fnit,
748 1440 827 1519 quod
858 1458 951 1500 unum
973 1440 1126 1501 homiuem
1150 1441 1305 1520 spectabat

158 1543 189 1596 et
211 1555 300 1598 unam
320 1536 410 1599 vitam
433 1536 611 1613 bumanam3
634 1538 821 1599 descendisse
836 1557 905 1600 eum
929 1539 966 1598 ad
982 1539 1104 1600 astutias
1128 1546 1157 1600 et
1171 1538 1303 1619 piscium

158 1641 189 1695 et
216 1635 370 1714 piscatoris
400 1638 548 1698 canendas
575 1654 637 1698 nou
664 1637 753 1698 nimis
782 1637 878 1698 simile
907 1637 967 1698 veri
998 1645 1051 1698 est.
1097 1637 1189 1698 Aliter
1211 1638 1304 1699 modo

157 1735 225 1795 talia
246 1734 366 1796 molitus
387 1744 455 1796 ante
480 1753 631 1796 excessum
647 1735 772 1814 Augusti
792 1734 912 1797 luisset!
943 1736 1062 1796 bdulari
1083 1744 1170 1814 poeta
1191 1737 1306 1798 rectori

158 1831 237 1894 orbis
259 1842 404 1896 terrarum
427 1835 572 1914 potuisset
600 1835 651 1913 quui
676 1835 827 1896 interdum
855 1835 1025 1915 piscabatur
1052 1836 1139 1896 hamo
1163 1835 1304 1912 (Sueten.

157 1932 229 2011 Aug.
247 1932 309 2012 83).
348 1933 439 2011 igitur
453 1934 479 1994 si
494 1933 657 2006 descendit,
673 1934 824 1995 exordium
840 1934 974 1995 videlicet
995 1952 1082 1995 asuo
1099 1934 1167 1995 fecit
1183 1934 1303 2008 exsili03

157 2031 277 2092 ludebat
298 2031 387 2093 rebus
403 2031 575 2105 trivialibus,
599 2030 764 2093 ostentabat
785 2033 864 2093 vices
879 2032 1016 2094 fortunae
1039 2033 1146 2112 quibus
1161 2032 1303 2112 praedam

157 2148 260 2210 capere
283 2131 352 2192 olim
376 2138 536 2192 amatorem
552 2130 697 2192 urbanum
714 2131 873 2203 docuisset,
894 2149 975 2191 nunc
989 2132 1109 2193 doceret
1123 2131 1304 2211 piscatorem

64 2220 74 2229 ⁰
157 2230 317 2303 rusticum3
343 2229 516 2291 excurrebat
546 2230 582 2289 ad
608 2229 764 2290 bominum
794 2229 883 2290 vitam
908 2231 955 2290 vel
980 2231 1121 2304 beroum3
1151 2230 1305 2294 indicabat

158 2330 236 2407 quod
268 2329 434 2390 imitaretur
467 2329 636 2406 exemplum
673 2346 820 2406 graecum.
868 2329 971 2409 ltaque
1004 2347 1107 2390 rernm
1144 2328 1304 2391 exordium

158 2428 299 2489 amissum
325 2446 390 2488 esse
415 2427 606 2488 coniecerunt
632 2427 729 2487 etalii
754 2434 784 2488 et
809 2426 983 2488 Leutscbius
1005 2428 1024 2488 l.
1040 2428 1058 2487 l.
1075 2446 1102 2507 p.
1121 2426 1171 2488 90.
1208 2427 1303 2490 Cuius

156 2534 257 2589 tamen
286 2527 330 2589 rei
358 2527 501 2589 indicium
527 2526 643 2586 nullum
673 2525 813 2588 cernitur.
858 2525 1017 2605 Dispositio
1044 2545 1162 2607 quoque
1184 2525 1304 2605 integra

156 2632 231 2687 teste
255 2625 398 2704 Oppiano.
443 2626 518 2687 Nam
541 2610 628 2686 etiam
658 2624 705 2685 bic
732 2624 788 2704 ipsi
815 2631 954 2704 capturae
980 2625 1106 2705 piscium
1134 2623 1304 2705 praemittit

157 2733 188 2787 et
210 2726 373 2805 catalogum
396 2725 552 2786 nominum
568 2724 588 2785 l.
604 2723 625 2797 l,
652 2723 698 2784 cui
721 2722 888 2784 adnectitur
911 2723 947 2784 de
970 2723 1224 2803 natura-piscium
1248 2709 1306 2785 vsu-¹

156 2824 270 2886 riorum
294 2830 435 2885 tractatus
465 2843 561 2902 usque
584 2823 620 2885 ad
643 2823 661 2883 l.
678 2823 704 2882 ll
727 2821 827 2894 finem,
854 2828 884 2882 et
906 2822 1082 2885 astutiarum
1114 2822 1317 2884 narrationes-

156 2924 175 2984 l.
191 2923 247 2996 lll;
270 2923 315 2983 vix
338 2941 407 2983 casu
430 2922 565 2983 similiter
591 2921 650 3000 egit
675 2929 763 3000 poeta
786 2921 914 2995 latinus3
945 2921 996 3000 qui
1018 2940 1079 2983 uno
1106 2930 1222 2983 tautum
1245 2941 1302 2982 vo-

156 3021 270 3082 lumine
289 3039 353 3081 rem
376 3022 581 3100 complexurus
609 3038 644 3081 eo
674 3018 807 3081 diversus
835 3038 906 3081 sane
935 3027 982 3081 est
1008 3021 1088 3100 quod
1119 3019 1156 3081 ab
1182 3018 1303 3082 astutiis

157 3138 247 3200 quam
269 3139 285 3180 a
308 3119 438 3198 catalogo
461 3119 613 3181 exordium
639 3118 737 3180 facere
759 3119 824 3179 iure
847 3137 901 3179 suo
925 3118 1059 3180 malebat.

242 3220 338 3299 Atque
366 3218 429 3298 ipsa
460 3218 613 3298 dispositio
645 3217 799 3278 observata
828 3217 887 3278 iam
913 3217 983 3279 satis
1009 3217 1134 3278 forsitan
1156 3217 1301 3298 refragari

156 3317 289 3380 videatur
317 3317 503 3378 coniecturae
533 3317 621 3378 etiarn
651 3315 735 3378 alteri
766 3335 823 3396 qua
849 3315 962 3394 ingrata
994 3325 1024 3378 et
1053 3316 1143 3377 ardua
1172 3317 1301 3378 istorum

157 3436 296 3479 versuum
320 3434 460 3478 excusare
487 3415 636 3477 volebant:
670 3431 732 3476 uon
763 3412 933 3476 absolutum
959 3433 1078 3476 carmen
1109 3434 1173 3477 esse
1200 3433 1301 3495 neque

157 3515 214 3576 nisi
239 3523 378 3577 conatum
402 3516 529 3596 aliquem
558 3523 587 3576 et
615 3512 879 3575 adumbrationem
895 3515 1182 3595 perpoliendumque
1204 3514 1301 3577 fuisse

156 3597 268 3693 postea,
285 3614 411 3675 fortasse
432 3619 465 3674 ut
480 3612 613 3693 epistulis
629 3632 665 3672 ex
681 3612 776 3673 Ponto
799 3612 979 3674 insereretur
1001 3613 1052 3686 (ita
1068 3613 1204 3675 Leutscb.
1220 3615 1237 3675 l.
1255 3614 1299 3692 1.).

156 3712 286 3772 Consilio
309 3720 389 3772 certo
412 3710 514 3772 deberi
536 3717 617 3791 patet
639 3711 728 3772 etiarn
752 3727 908 3773 excursum
938 3711 1020 3772 illum
1052 3710 1088 3772 de
1113 3711 1193 3773 feris.
1239 3712 1299 3774 Sed

156 3811 334 3873 contradici
360 3812 442 3891 plura
465 3819 600 3890 possunt.
642 3810 717 3873 Nam
740 3811 812 3872 mibi
838 3809 976 3890 equidem
999 3810 1047 3871 ibe
1070 3809 1179 3871 mirum
1203 3828 1301 3890 quan·

156 3917 222 3971 tum
247 3909 395 3971 Musarum
419 3929 522 3989 expers
549 3910 664 3972 ridetur
687 3910 737 3990 qui
760 3915 861 3989 poetas
884 3926 946 3970 non
972 3927 1060 3989 prosa
1088 3909 1220 3972 oratione
1246 3911 1300 3973 sed

156 4007 291 4069 versibus
313 4008 344 4068 in
366 4017 503 4088 poemate
524 4009 629 4089 primis
655 4009 739 4069 lineis
764 4008 945 4087 designando
971 4008 1015 4069 nti
1037 4007 1092 4069 sibi
1108 4009 1299 4088 persuaserit,

157 4106 266 4168 oblitus
293 4107 372 4168 idem
400 4116 434 4167 ut
456 4109 550 4169 nostri
578 4108 640 4170 aevi
666 4114 820 4187 poetarum
849 4106 889 4168 ita
917 4106 1011 4186 ipsius
1038 4106 1174 4168 Aeneidis
1196 4107 1300 4186 Vergi-

156 4206 259 4266 lianae.
304 4205 397 4267 Porro
420 4206 446 4267 si
465 4206 538 4268 baec
560 4223 621 4268 non
644 4212 745 4267 essent
773 4205 833 4266 nisi
857 4205 1032 4267 collecticias
1055 4205 1155 4285 copiae
1178 4223 1299 4268 carmen

157 4322 259 4365 verum
291 4313 511 4386 praeparantes,
539 4304 723 4385 stupefacere
749 4323 804 4366 uos
832 4304 990 4384 stupiditas
1017 4305 1138 4366 deberet
1168 4305 1299 4368 hominis

157 4403 208 4483 qui
240 4406 350 4482 graecis
381 4404 501 4467 liberius
530 4421 639 4466 usurus
668 4404 764 4482 legere
792 4422 825 4464 ea
859 4421 920 4465 non
948 4403 1020 4464 satis
1049 4403 1216 4477 habuisset,
1244 4406 1299 4467 sed
