2924 5018
614 255 858 317 -124-

162 434 258 495 rivum
284 433 457 514 fontemque
483 432 667 494 uberrimum
696 431 804 511 pariter
830 429 938 492 adiisse
963 429 1116 493 indicares.
1157 429 1266 509 ltaque
1286 429 1317 491 in

163 532 302 594 carminis
329 534 464 612 exemplo
485 533 539 592 has
565 530 686 610 quidem
713 547 776 590 non
802 528 996 603 invenerout3
1022 528 1103 590 unde
1128 527 1223 606 igitur
1250 537 1316 591 orta

162 631 277 693 consilii
302 631 396 712 ipsius
423 626 606 693 consensio?
642 628 777 689 Tertium
803 644 865 688 non
892 626 975 689 video
1001 625 1053 689 scd
1078 634 1131 689 aut
1159 627 1197 688 ad
1224 627 1315 689 tortis

161 732 299 792 fortunae
315 729 456 791 auxilium
471 727 625 809 explicatio
641 733 782 804 recurret
796 733 847 788 aut
861 733 1019 797 statuetur,
1035 725 1116 806 quod
1130 724 1225 787 statui
1242 743 1314 787 sane

163 846 225 889 non
239 827 471 907 improbabiliter
486 827 610 906 poterit,
632 826 733 906 ipsum
749 825 834 887 Ovidi
856 822 1008 901 clarissimi
1031 818 1213 885 halieuticon
1229 823 1314 903 freg-

101 971 104 977 .
163 934 297 987 mentum
319 933 348 987 et
363 934 470 987 notum
487 925 622 1005 Oppiano
639 932 670 986 et
684 925 720 986 ad
738 942 859 985 manum
875 923 966 983 luisse
980 928 1069 1002 atque
1094 928 1129 983 ut
1155 939 1220 983 rem
1249 941 1315 983 am·

161 1023 288 1104 pliorem
313 1023 464 1085 exhiberet
479 1023 563 1084 Ovidi
587 1023 720 1103 exemplo
743 1022 896 1084 incitatum
913 1020 1091 1101 Chrysippea
1112 1020 1224 1102 scripta
1240 1021 1313 1083 doe·

161 1122 278 1184 tissime
309 1122 415 1202 cuique
441 1121 477 1184 ad
504 1121 579 1182 viam
605 1120 730 1182 iacentia
757 1121 856 1200 ipsum
882 1138 1002 1200 quoque
1027 1118 1187 1193 evolvisse,
1216 1138 1314 1199 cuque

162 1228 309 1300 quatenus
334 1220 467 1300 placebat
493 1220 683 1300 excerpsisse,
715 1229 745 1281 et
765 1218 907 1280 Ovidiana
940 1225 970 1279 et
990 1235 1068 1297 quae
1092 1216 1215 1280 residua
1242 1216 1314 1279 ovi-

162 1317 227 1379 dius
248 1318 417 1398 reliquerat.
449 1321 531 1393 Quae
553 1319 719 1380 coniectura
741 1317 766 1378 si
786 1316 930 1378 obtinebit
944 1333 1100 1396 -neque
1116 1333 1171 1396 ego
1186 1317 1312 1379 alteram

162 1418 246 1479 video
261 1455 312 1490 -‚
339 1417 546 1479 similitudines
575 1416 703 1498 Oppiani
729 1416 818 1479 etiam
844 1416 972 1496 reliquas
999 1414 1102 1477 eadem
1128 1414 1251 1477 ratione
1276 1434 1312 1477 er

162 1513 246 1577 Ovidi
274 1514 460 1596 explicandas
485 1515 612 1577 lectione
639 1535 704 1576 esse
730 1515 808 1576 hunc
829 1521 859 1574 et
884 1514 969 1574 illum
994 1513 1179 1575 contendere
1205 1513 1310 1577 audio:

161 1613 334 1676 divisionem
365 1614 498 1676 locorum
528 1614 683 1695 ipsamque
714 1613 839 1694 piscium
869 1611 1112 1674 distributionem
1148 1611 1182 1673 in
1218 1612 1311 1676 latino

160 1715 292 1794 exemplo
319 1731 386 1774 cum
402 1712 517 1785 viderit,
544 1731 634 1775 novas
650 1712 817 1792 Oppianum
843 1710 1053 1791 plenioresque
1078 1728 1182 1772 rerum
1209 1711 1310 1792 copies

162 1810 367 1892 anquisivisse,
394 1811 485 1873 simul
510 1829 563 1890 pro
591 1830 678 1892 prava
704 1810 782 1872 illius
809 1809 992 1890 neglegentia
1018 1815 1118 1888 aptum
1145 1826 1251 1873 curam
1277 1830 1311 1873 ae

162 1909 343 1988 diligentiam
368 1910 561 1988 impendisse,
589 1909 621 1971 in
650 1909 740 1971 rebus
766 1908 919 1971 nonnullis
943 1908 1072 1970 fortasse
1096 1908 1151 1971 sed
1176 1909 1310 1988 parvulis

160 2008 248 2069 etiam
275 2008 455 2088 expressisse
480 2007 579 2078 latina,
606 2016 684 2072 certe
710 2027 813 2071 versus
835 2006 963 2088 Oppiani
986 2004 1106 2088 {93sq
1126 2005 1308 2088 interpreta-

160 2106 272 2167 tionem
300 2125 366 2168 esse
394 2125 533 2168 versuum
549 2107 634 2168 Ovidi
650 2107 743 2188 92sq.
779 2108 873 2180 Quam
901 2124 954 2186 ego
981 2105 1183 2187 coniecturam
1211 2124 1308 2189 neque

159 2223 219 2285 quo
242 2205 329 2285 plane
348 2205 455 2266 falsam
480 2224 546 2267 esse
562 2205 766 2269 demonstrem
784 2205 889 2279 habeo,
911 2222 1008 2285 neque
1023 2211 1123 2265 tamen
1138 2202 1232 2267 talem
1247 2204 1308 2269 exi-

159 2311 258 2365 stumo
285 2305 332 2366 cui
359 2304 492 2365 animum
520 2305 695 2368 subtrahere
722 2304 845 2365 omnino
860 2320 921 2364 non
936 2302 1041 2383 possis.
1074 2302 1210 2365 Primum
1227 2304 1307 2367 enim

160 2402 225 2482 quis
251 2402 450 2483 fragmentum
477 2402 534 2464 hoc
560 2403 729 2465 mutilatum
761 2401 907 2482 nimisque
934 2400 1052 2462 difficile
1080 2401 1116 2463 ad
1146 2401 1309 2482 legendum

159 2500 215 2561 sibi
235 2501 422 2580 sequendum
437 2501 630 2581 proposuisse
645 2500 814 2581 Oppianum
841 2499 933 2578 magis
959 2499 1060 2562 credat
1085 2518 1176 2581 quam
1201 2518 1307 2581 maest

159 2598 367 2661 carminarem
384 2600 510 2662 eandem
532 2610 563 2661 et
578 2600 695 2680 planius
716 2608 745 2663 et
764 2599 881 2679 plenius
901 2596 1080 2660 tractantis?
1111 2599 1228 2663 Oeinde
1241 2618 1306 2663 rem

158 2714 219 2758 non
245 2698 284 2760 ita
301 2697 452 2778 Oppianus
478 2706 529 2760 aut
554 2700 647 2777 gessit
672 2706 725 2760 aut
749 2699 869 2778 digessit
894 2704 934 2759 ut·
953 2697 1022 2759 duci
1045 2697 1116 2759 dum
1138 2697 1247 2761 scribit
1270 2699 1307 2762 ab

159 2796 261 2857 Ouidio
278 2799 323 2858 rel
338 2798 485 2877 respicere
501 2796 640 2859 Ovidium
656 2797 818 2868 videretur3
844 2796 937 2858 immo
963 2796 1135 2858 communia
1159 2796 1194 2858 in
1213 2797 1307 2861 dissi·

159 2893 296 2956 dentibus
317 2912 378 2955 non
400 2895 458 2958 nisi
481 2915 550 2958 casu
571 2896 699 2977 quodam
714 2896 846 2975 dispersa
867 2903 1041 2958 cernuntur.
1071 2893 1148 2957 rum
1163 2913 1237 2959 rero
1252 2916 1305 2959 ex·

158 2992 268 3073 plicare
284 2993 420 3071 cupimus
446 2994 477 3054 id
503 3013 622 3073 quoque
638 2995 709 3074 quid
732 2994 851 3057 tandem
867 2993 902 3054 ad
918 3012 972 3055 sua
988 2993 1204 3075 qualiacunque
1218 3013 1306 3059 com·

159 3090 296 3170 ponenda
312 3110 346 3152 ac
361 3090 545 3171 disponenda
567 3093 666 3173 ipsum
682 3092 806 3154 latinum
829 3099 946 3173 poetam
966 3091 1131 3172 impulerit3
1149 3092 1204 3156 hic
1222 3094 1305 3157 enim

157 3189 338 3251 inventionis
365 3207 424 3269 quo
451 3209 545 3270 usque
570 3191 656 3271 inops
681 3191 780 3266 fuerit,
804 3191 869 3272 ipsa
895 3191 1027 3271 primore
1052 3191 1193 3254 carminis
1219 3203 1305 3273 purte

158 3288 257 3350 doceri
272 3287 400 3369 poteras.
1273 3340 1276 3347 -

242 3388 347 3468 Neque
372 3388 483 3450 sedicet
509 3386 662 3450 halieutica
688 3405 750 3449 non
770 3387 943 3467 legebantur
959 3396 1026 3450 ants
1042 3387 1180 3451 Ovidium
1195 3389 1303 3453 [slsum

157 3503 259 3563 graece
275 3487 382 3566 scripta
398 3496 487 3568 atque
502 3487 548 3548 his
562 3486 635 3568 ipsis
647 3486 803 3549 consilium
818 3486 966 3548 scribendi
977 3485 1061 3550 latini
1075 3488 1216 3551 carminis
1228 3506 1303 3553 num

158 3591 261 3644 natum
287 3584 377 3647 luerit
399 3584 562 3649 deliberare
591 3602 654 3647 non
684 3593 779 3666 potes.
822 3585 996 3647 Examinato
1022 3585 1154 3649 carmine
1176 3604 1214 3649 ex
1235 3606 1303 3651 verr

156 3680 292 3760 piscandi
316 3692 378 3745 arte
404 3692 523 3764 sumpta
551 3684 730 3745 videbuntur
756 3703 831 3763 quae
858 3691 975 3745 exstant
1000 3692 1069 3766 post
1087 3704 1113 3748 r.
1131 3685 1172 3749 82
1186 3695 1302 3750 etanta

158 3797 184 3840 v.
200 3776 257 3839 92:
287 3797 348 3840 non
374 3788 490 3842 vastum
516 3781 654 3861 pelagum
668 3782 807 3862 piscatori
833 3783 1042 3863 temptandum
1063 3803 1137 3858 esse,
1162 3786 1216 3848 ssd
1232 3804 1302 3868 pre-

157 3876 265 3938 menda
291 3877 391 3951 litora,
418 3878 527 3941 deinde
554 3880 698 3942 curandas
725 3900 791 3944 esse
815 3882 941 3963 piscium
966 3884 1123 3957 stationes,
1149 3902 1219 3946 cum
1245 3904 1301 3966 pro

155 3981 261 4036 natura
286 3994 339 4038 sua
365 3976 438 4037 alius
465 3977 517 4039 alia
545 3987 574 4040 et
600 3986 728 4040 sectetur
754 3988 784 4042 et
808 3980 944 4061 refugiat.
981 3981 1037 4044 Ubi
1052 4000 1122 4044 vero
1137 3982 1302 4046 discribere

154 4074 295 4136 stationes
311 4074 542 4153 adgrediendum
559 4085 622 4140 erat
640 4077 708 4139 inde
723 4098 739 4140 a
756 4099 781 4141 v.
798 4077 838 4138 92
853 4081 990 4159 fatigatus
1004 4080 1211 4161 remissusque
1231 4081 1303 4145 hinc

154 4171 224 4233 inde
243 4174 365 4236 nomina
391 4192 495 4254 parum
522 4175 656 4238 interae
682 4178 885 4242 convenientia
912 4179 1039 4260 scriptor
1060 4178 1186 4242 coniecit
1210 4187 1301 4261 atque

155 4271 229 4332 adeo
240 4272 321 4352 ipsos
336 4273 387 4335 alti
402 4272 496 4354 pelagi
510 4274 632 4349 incolas,
647 4293 721 4356 quos
734 4276 874 4357 piscatori
886 4296 971 4340 curae
983 4297 1044 4342 non
1057 4297 1122 4341 csse
1134 4298 1161 4342 r.
1174 4278 1216 4343 83
1227 4298 1301 4360 pm-

154 4367 250 4432 fessus
272 4379 350 4448 eret3
371 4372 461 4436 simul
481 4391 549 4436 vero
570 4375 627 4436 hoo
645 4374 719 4437 illud
734 4376 823 4438 etiam
844 4396 879 4439 ex
893 4395 1001 4458 prosae
1015 4378 1159 4442 orationis
1174 4378 1301 4463 anper-
