2924 5018
606 257 845 322 -139-

156 452 226 497 τον
261 435 331 498 civ
364 428 509 518 χρόνον
544 428 570 518 ᾧ
600 430 718 518 ὅμοιός
743 452 815 496 ram
839 443 985 496 mutans
1012 435 1187 516 quoniam
1213 443 1301 496 tunc

157 531 266 596 έστιν·
301 532 420 612 σγεόὀν
448 531 486 596 δὲ
520 531 588 596 καὶ
625 531 716 607 τούς
744 540 813 595 iren
847 542 1024 615 apparent
1054 533 1195 614 reliqui
1228 534 1300 595 uisi

157 627 303 705 ἄλλους
334 629 467 714 ἱέρακας
497 625 566 698 οόκ
602 631 715 696 ἔστιν
742 633 1301 713 ροτροοηιροοοίεόἰοίιιιε.Εεί

158 727 270 794 ἰδεῖν
299 726 354 795 ὅτε
378 732 506 797 θᾶττον
531 735 715 816 φθέγγεται
742 742 861 795 autem
891 751 1021 814 neque
1039 731 1196 795 aduncis
1229 750 1300 794 uu-

157 823 319 903 ὀκόκκοξ,
335 829 441 915 πλὴν
460 827 600 910 ὀλίγας
620 827 716 915 ἡμέ-
742 832 881 911 guihus
914 834 996 895 solus
1030 831 1200 912 accipitrum
1234 848 1302 892 nec

155 948 242 1010 ρας·
264 924 282 992 ὀ
302 926 339 991 eii·
354 921 473 1002 κόκκυξ
487 933 642 1014 φαίνεται
658 924 715 994 ἐπ’
744 931 873 1012 capite
905 931 1040 995 similis
1071 930 1151 1011 illis
1181 948 1301 1009 neque

156 1023 271 1105 ὀλίγον
293 1023 411 1111 χρόνον
430 1030 489 1092 τοῦ
504 1031 638 1113 θέρους,
658 1026 717 1092 τόν
744 1029 817 1092 alio
841 1051 943 1112 quam
960 1031 1101 1101 celere,
1114 1028 1226 1091 *accitu
1243 1047 1302 1090 ce-

156 1124 195 1189 ὀέ
218 1127 373 1208 χειμῶνα
389 1123 599 1211 ἀφανίζεται.
629 1125 715 1191 ἔστι
744 1129 860 1193 lumbi
886 1130 1016 1210 potius
1046 1128 1137 1207 (aune
1159 1137 1302 1190 caeterum

155 1219 192 1286 δ’
212 1220 230 1288 ὀ
251 1223 312 1306 μέν
328 1221 420 1310 ἱέραξ
438 1221 677 1308 γαμψώνυχος,
698 1222 717 1290 ὀ
744 1228 878 1293 columbis
895 1232 990 1310 potius
1003 1228 1162 1308 legendum
1176 1222 1301 1303 dices‘l).
1375 1218 1378 1225 ’

154 1319 416 1401 ὀιόκόκκοξοό
430 1321 716 1410 γαμψώνυχος·

155 1419 206 1485 ἔτι
222 1417 369 1487 ὀέοόὀό
392 1422 718 1508 τὰπερὶτὴνκε-

155 1519 292 1604 φαλὴν
307 1519 439 1586 ἔοικεν
454 1517 609 1604 ἱέρακι,
629 1518 717 1586 ἀλλ’

157 1615 274 1702 ἄμφω
318 1618 446 1682 ταῦτα
494 1622 719 1705 περιστερᾷ

155 1713 298 1804 μᾶλλον·
320 1712 395 1782 citt*
412 1716 432 1802 ἢ
447 1719 547 1782 κατὰ
562 1720 605 1783 τὸ
620 1720 719 1802 χρῶ-

155 1839 212 1900 μα
234 1806 361 1899 μόνον
381 1813 629 1902 προςέοικεν
657 1815 719 1882 ἱέ-

155 1937 260 1996 ρακι.

80 2085 85 2094 ·
157 2048 216 2109 Pru
230 2051 366 2129 queniam
387 2059 456 2111 turre
475 2067 535 2112 ιιοιι
560 2061 700 2131 apparent
723 2053 828 2137 reliqui
840 2049 1014 2131 llayhoilius
1039 2049 1203 2111 accuratius
1229 2049 1303 2112 scri-

156 2147 287 2211 bendum
303 2147 394 2210 luisse
409 2151 540 2210 monuit:
557 2154 693 2230 ρκοτιέοιιι
706 2160 774 2214 tuuc
787 2169 847 2213 ιιοιι
863 2160 982 2231 apparet
997 2151 1129 2228 accipiter
1144 2151 1191 2209 cui
1204 2150 1305 2210 similis

80 2232 81 2239 λ
156 2257 198 2309 est
218 2265 306 2328 euque
328 2247 434 2327 reliqui
453 2258 591 2328 appareret
606 2268 667 2329 eqs
713 2250 825 2313 Tamen
848 2267 903 2327 ege
925 2249 1061 2311 lacunam
1082 2265 1145 2308 neu
1167 2264 1305 2325 agnosco,-

156 2346 211 2409 sed
231 2346 263 2407 in
284 2347 401 2409 brevius
424 2354 607 2409 contractam
623 2348 821 2423 seutentiam
841 2365 911 2410 nam
927 2363 1081 2425 coccygem
1096 2363 1151 2425 pro
1167 2345 1304 2426 accipitre

157 2445 312 2508 venditare
334 2464 439 2507 ausum
463 2465 528 2508 esse
551 2455 726 2511 sectatorem
749 2445 918 2510 Aristotelis
941 2452 1031 2506 testes
1055 2454 1126 2506 suut
1149 2445 1234 2507 verba
1256 2443 1304 2506 illa

156 2534 265 2608 iniecta
279 2544 357 2607 eolus
372 2548 547 2624 accipitrum,
570 2545 610 2607 ita
634 2555 668 2609 ut
690 2565 743 2609 vox
766 2546 872 2627 reliqui
891 2563 954 2608 neu
969 2541 1150 2623 habeatque
1166 2542 1303 2605 offendat.

159 2642 344 2707 Sententicla
378 2662 452 2724 quae
486 2645 563 2724 apud
586 2643 717 2707 Plinium
739 2645 890 2707 adseritur
911 2651 1002 2706 mutat
1032 2652 1127 2731 eutem
1156 2654 1182 2705 et
1210 2661 1306 2705 eeceue

157 2741 242 2808 abest
262 2741 299 2805 ab
320 2741 497 2818 Aristotele3
518 2742 626 2805 deinde
644 2744 774 2824 precedit
799 2761 876 2813 cere,
902 2741 1062 2804 occultetur
1076 2741 1224 2803 ecuiculce
1239 2754 1306 2804 ertu

156 2861 192 2921 ex
225 2841 262 2903 iis
279 2851 358 2919 *crta
390 2851 461 2903 suut
494 2861 569 2923 quae
602 2852 672 2922 post
704 2838 818 2919 ὀλίγας
855 2838 977 2928 ἡμέρας
1010 2844 1122 2907 inserta
1155 2845 1303 2924 leguntur.

156 2940 307 3021 Pergitur:

158 3120 161 3125 q
219 3055 228 3066 '
260 3051 423 3132 *Interque
455 3053 564 3132 parit
592 3053 631 3114 iu
662 3054 802 3116 alienis
836 3055 934 3117 nidis
968 3056 1121 3118 maxime
1153 3057 1304 3137 palum-

244 3150 378 3229 bium,
412 3151 556 3213 maiore
591 3172 629 3214 ex
657 3163 766 3233 parte
788 3155 934 3233 singula
957 3174 1021 3217 eva
1043 3155 1124 3236 quod
1147 3156 1226 3218 nulla
1249 3156 1304 3217 alia

262 3250 322 3312 avis
345 3247 388 3330 tl),
411 3267 493 3312 rare
515 3251 611 3313 bina.

156 3376 393 3440 Rescribeudum
417 3386 463 3438 est
477 3377 611 3440 videlicet
631 3379 831 3459 interdumque
842 3383 934 3460 pauiu
958 3397 1028 3441 uam
1044 3394 1105 3442 uon
1120 3378 1220 3460 paucis
1236 3378 1304 3441 Ari-

158 3475 275 3539 stotelis
290 3475 386 3538 verbis
401 3476 520 3538 omissis
541 3477 595 3539 ista
610 3496 714 3539 rursus
734 3485 851 3558 sumpta
875 3499 910 3540 ex
933 3497 968 3539 ee
992 3487 1075 3540 suut:
1099 3469 1117 3541 ὀ
1141 3475 1179 3540 δέ
1200 3479 1303 3540 τίκτει

157 3572 230 3658 μὲν
245 3568 319 3636 ἀλλ’
346 3568 384 3637 οό
410 3570 638 3658 ποιησάμενος
663 3574 825 3648 νεοττιάν,
851 3568 927 3640 a’tt’
955 3575 1084 3640 ἐνίοτε
1109 3575 1169 3660 μὲν
1193 3574 1234 3642 έν
1258 3580 1304 3666 τῇ

158 3673 235 3738 τῶν
264 3667 447 3738 ἐλαττόνων
476 3669 652 3756 ὀρνίθων
682 3673 853 3738 ἐντίκτει
883 3675 1085 3762 καταφαγών
1113 3674 1156 3738 ταὶ
1184 3671 1233 3760 ᾠὰ
1262 3672 1303 3739 cei

159 3770 308 3850 ἐκείνων,
338 3770 519 3855 μάλιστα
549 3766 582 3837 δ’
614 3772 654 3838 ἐν
682 3784 774 3848 ταῖς
802 3774 875 3840 τῶν
904 3775 1046 3861 φαβῶν
1075 3785 1302 3850 νεοττιατς,

159 3869 362 3959 καταφαγών
387 3870 443 3934 καὶ
469 3869 510 3935 τὰ
535 3867 660 3937 τούτων
690 3868 752 3958 ᾠά·
783 3877 915 3939 τίκτει
946 3871 979 3939 δ’
1011 3869 1199 3953 ὀλιγάκις
1233 3874 1304 3958 μὲν

158 3970 246 4048 ὀόο,
269 3969 316 4034 τὰ
338 3969 380 4034 δὲ
402 3968 574 4035 πλεῖστα
597 3975 648 4035 ἕν.
683 3973 744 4036 lam
760 3993 829 4037 vere
845 3994 904 4055 quo
926 3976 1024 4039 studio
1041 3975 1173 4038 diversus
1188 3975 1303 4036 Aristu-

159 4073 227 4139 tclis
249 4072 330 4135 locus
352 4070 545 4133 inmisceatur
566 4073 762 4137 attendamus.
808 4074 893 4146 Quod
917 4074 995 4136 euim
1018 4075 1116 4156 pergit
1138 4073 1270 4136 Plinius:

162 4248 165 4253 .
217 4242 232 4271 -,
262 4199 355 4262 Causa
370 4197 466 4279 pullos
489 4198 712 4263 subiciendi
734 4207 857 4280 putatur
872 4202 953 4281 qued
976 4201 1075 4262 sciat
1095 4219 1128 4260 se
1149 4199 1303 4261 invisam

261 4297 509 4361 cunctisavihus.
552 4299 641 4361 Nam
664 4299 825 4362 minutae
849 4318 995 4381 queque
1021 4298 1214 4361 infestant.
1259 4300 1301 4361 lta

262 4417 330 4460 nun
352 4397 434 4460 lere
456 4405 567 4461 tutam
590 4399 691 4478 generi
715 4418 768 4462 suc
791 4399 915 4482 stirpem
939 4400 1076 4480 opinatur
1098 4399 1133 4462 ni
1155 4399 1300 4474 fefellerit,
