2924 5018
607 255 849 320 -154-

155 433 316 516 angulos
358 432 496 495 habent
542 432 712 495 malitiae
739 428 803 503 doc
847 426 982 508 ἔχουσι
1025 427 1071 493 τὸ
1109 425 1227 512 πρὸς
1270 429 1323 513 aqi

156 531 493 613 notampraebent.
564 620 566 626 Ι
739 528 925 611 μυκτῆρι,
969 529 1192 611 πονηρίας.
1244 527 1322 593 Hinc

740 635 840 693 autem
855 624 1019 691 transilitur
1033 623 1074 689 ad

155 759 318 821 Candida
346 778 431 840 pars
457 767 604 822 extenta
639 778 707 820 no·
736 753 925 836 patarco:
946 747 1047 837 καὶῆ
1075 752 1320 836 orandoqu-

154 865 226 918 tam
274 858 530 938 impudentiae
584 858 710 931 habet3
737 847 1318 935 κυικυῐῆἆυευεΐςῆμέσυι·βελ-

155 974 216 1034 qur
239 957 451 1018 identidem
477 957 624 1038 operire
651 977 711 1018 so·
738 955 851 1014 τίσυου
893 945 931 1012 δ’
967 945 1077 1032 ἤθους
1117 945 1178 1012 υἱ
1200 951 1315 1033 μέσου,

155 1055 248 1129 lent,
270 1055 563 1118 inconstantiae.
586 1055 710 1134 (lterum
740 1050 898 1114 dasium
923 1040 1314 1132 tetartemoria,

157 1153 231 1214 miro
265 1154 354 1215 modo
387 1154 494 1216 falsum
520 1155 604 1216 rideo
638 1155 711 1216 Gut-
742 1143 760 1213 d
787 1145 819 1212 d’
846 1144 1070 1230 ἀβέβαιος

156 1252 335 1314 schmidium
370 1253 420 1334 qui
447 1254 465 1315 l.
490 1254 507 1313 1.
537 1254 616 1333 quod
646 1270 715 1333 pars
899 1280 902 1285 ·

156 1351 231 1413 oculi
253 1351 376 1413 candida
395 1352 599 1432 impudentiae
614 1359 684 1413 nota
699 1370 715 1412 a

155 1449 253 1528 Trogo
289 1449 406 1522 dicitur,
442 1467 574 1530 pugnare
610 1450 639 1511 id
676 1449 719 1511 ait

156 1556 258 1611 contra
285 1549 342 1610 hoo
371 1548 513 1611 indicium
534 1547 720 1611 Aristotelis:
809 1607 812 1611 ,
889 1606 892 1611 .

157 1636 434 1729 dodoi-nocida}
459 1645 502 1711 τὸ
532 1647 602 1729 μὲν
630 1643 718 1709 λευ-

156 1743 224 1809 κὸν
249 1741 393 1828 ὅμοιον
419 1742 461 1819 ὠς
487 1743 546 1808 ἐπὶ
568 1743 607 1808 τὸ
629 1742 718 1809 πολὺ
795 1804 798 1808 ,

157 1842 292 1907 πᾶσιν.
322 1845 446 1907 Pondus
463 1864 535 1907 vero
548 1844 718 1907 sententiae

157 1942 288 2022 positum
325 1943 357 2004 in
391 1962 461 2004 voce
494 1951 638 2007 comtum
671 1949 719 2006 est

157 2059 216 2119 qua
230 2040 345 2120 Trogus
360 2059 482 2121 graecae
497 2040 575 2104 uocis
591 2036 717 2114 ἀτενεῖς

157 2138 245 2202 etiam
259 2139 358 2220 ipsuum
375 2139 454 2220 quod
477 2148 597 2220 etymon
613 2139 719 2203 dicunt

156 2238 274 2301 curioso
294 2238 427 2303 imitatus
451 2239 518 2319 est)

159 2363 395 2427 Oricularum
420 2365 634 2446 magnitudo
657 2367 713 2428 lo·
740 2298 942 2445 p.492434:
959 2353 1321 2446 καὶῆμυγαλαῆρι--

157 2464 374 2543 quaoitatis
430 2473 504 2527 et
523 2463 714 2529 stultitiae
742 2460 804 2544 κρὰ
833 2458 853 2544 ἢ
882 2462 970 2543 μέσα
1004 2455 1308 2545 ἢέπαυυστηυότυ

158 2571 249 2625 nota
272 2569 338 2625 est.
743 2553 1243 2644 σφόδρυῆοὐθὲυῆμέσυν·
1269 2557 1308 2625 sd

743 2657 783 2723 dd
806 2659 892 2741 μέσα
907 2655 1082 2740 βελτίστου
1100 2653 1210 2740 ἤθους
1238 2672 1318 2743 os·-

743 2765 874 2839 μεῖου,
911 2754 964 2831 ¹soi
993 2751 1222 2838 ddrtcrtfltt
1251 2754 1309 2825 καὶ

743 2852 989 2939 ἕπαυεσυυκότυ
1051 2851 1308 2938 modelwice

743 2952 813 3019 καὶ
837 2948 1089 3035 ἀδολεσχίας.

243 3091 393 3154 Hactenus
407 3091 486 3170 'lrog
470 3108 532 3154 tuus
569 3091 725 3156 Videamus
748 3093 971 3172 rationemque
992 3110 1010 3156 a
1031 3091 1127 3156 Plinio
1148 3074 1319 3155 iniuntur·

158 3191 233 3252 Ecce
254 3189 465 3254 Aristoleles
457 3208 521 3270 lpse
555 3197 600 3252 est
632 3192 668 3254 ad
695 3210 786 3274 quem
815 3191 983 3255 adnectitur
1003 3190 1128 3303 drogus,
1160 3204 1236 3253 cum
1278 3198 1319 3252 st·

158 3311 194 3353 ex
216 3291 273 3353 hoc
295 3298 324 3352 et
346 3309 382 3352 er
403 3290 454 3351 illo
476 3289 664 3370 proterantur
685 3290 838 3372 praescita.
883 3290 969 3365 Quod
991 3291 1016 3351 si
1038 3288 1154 3351 Plinius
1175 3289 1240 3352 mlt-
1257 3286 1319 3369 qui·

159 3397 241 3451 tanto
264 3390 381 3470 qualem
404 3397 467 3450 toto
490 3389 548 3450 hoc
569 3390 664 3468 capite
685 3390 773 3451 nobis
796 3389 955 3451 observare
979 3388 1085 3450 licebat
1110 3394 1242 3468 tumque
1255 3386 1309 3449 itt

158 3488 274 3549 defesso
297 3489 395 3551 studio
418 3507 452 3550 ao
478 3489 578 3549 labore
600 3488 788 3550 Aristotelem
809 3487 963 3568 excerpsit,
991 3485 1042 3567 qui
1063 3485 1157 3548 latero
1176 3484 1321 3547 Plinium:

158 3599 275 3668 poterat
287 3592 375 3653 etiam
391 3591 438 3653 illa
451 3592 540 3671 Trogi
556 3589 697 3671 praescita
710 3582 980 3650 Aristotelis-ossei
1000 3584 1085 3658 Quae
1098 3589 1200 3646 auum
1213 3579 1308 3659 §²74

162 3706 197 3747 er
211 3687 277 3766 ipso
293 3689 451 3751 Aristotele
467 3690 605 3762 citantur,
628 3706 689 3750 non
703 3685 802 3748 omnia
817 3685 895 3766 apud
911 3702 980 3746 eum
996 3698 1078 3746 nune
1091 3681 1308 3762 tumuerim

160 3785 213 3848 sed
229 3793 344 3848 tantum
361 3786 517 3866 locatorem
540 3789 627 3849 ot'tom
650 3804 707 3848 esse
730 3784 830 3864 cordos
850 3783 949 3863 plures
972 3782 1067 3845 dentes
1089 3799 1118 3861 p.
1134 3778 1195 3843 tot
1214 3774 1306 3857 lm,

161 3888 317 3968 lormiorem
340 3884 440 3966 quibos
460 3889 492 3947 io
506 3904 596 3947 mono
611 3885 702 3946 lineae
718 3902 747 3965 p.
764 3881 826 3945 too
841 3883 864 3944 Β
881 3881 935 3958 34;
957 3882 1048 3962 igitur
1060 3879 1095 3942 lti-
1106 3876 1232 3962 quidem
1250 3874 1309 3943 leel

160 3985 247 4048 ambo
260 4004 295 4046 ex
306 3983 403 4065 primo
415 3982 491 4044 libro
502 3984 650 4046 Historiae
665 3982 844 4045 Animalinm
857 3981 923 4044 lecti
936 3989 1025 4044 sunt:
1038 3979 1192 4066 proximus
1204 3987 1322 4042 autem·

161 4085 245 4147 abiis
258 4083 290 4145 in
303 4083 407 4144 eodem
420 4081 517 4162 primo
534 4082 558 4143 is
571 4083 653 4146 locus
667 4089 712 4144 est
725 4100 815 4163 quem
827 4079 941 4163 Trogus
953 4078 1025 4142 adiit
1036 4098 1065 4160 p.
1077 4075 1235 4140 4924342
1249 4077 1309 4141 na-

161 4202 219 4263 que
236 4201 290 4262 ego
303 4191 383 4245 certe
396 4188 445 4242 aot
457 4181 537 4244 hunc
549 4188 600 4243 aut
614 4183 678 4244 illos
694 4181 756 4243 suis
772 4179 866 4243 oeulis
881 4167 1035 4260 spectasse
1043 4176 1173 4239 Plinium
1186 4176 1311 4240 credere

163 4282 324 4343 nonvaleo.
340 4281 506 4344 Submonet
513 4280 642 4343 Plinius:
657 4300 708 4344 nec
720 4278 932 4343 rtnt'oersoltooc
943 4278 1124 4352 metuo,
1134 4274 1314 4359 sodoims

162 4379 292 4442 observat
305 4379 505 4462 (Aristoteles)
524 4378 643 4461 fidolo,
658 4389 689 4443 ot
710 4397 785 4450 reor,
809 4390 835 4442 υ
849 4377 934 4458 oolyo
956 4386 1068 4440 matum
1090 4375 1201 4451 (tortor
1221 4375 1311 4455 codd,
