2924 5018
614 299 813 363 „5-

142 476 203 538 Hal.
226 473 282 536 21:
306 476 458 554 nigrum
481 475 594 536 vomit
617 476 680 536 illa
703 494 876 537 cruorem
900 475 952 554 (ita
977 476 1055 538 enim
1079 479 1288 557 complendum

183 592 304 636 versum
338 593 403 636 esse
439 574 516 634 infra
548 573 734 653 probabitur)
773 594 841 636 cum
874 573 944 636 Met.
973 577 1004 649 V,
1032 575 1089 637 83:
1128 579 1288 641 rutilum

184 672 300 735 vomit
321 672 387 734 ille
409 691 587 734 cruorem.

143 798 204 862 llal.
230 797 288 858 56:
320 796 468 858 viribus
498 797 644 858 addidit
672 798 762 859 iram
795 816 862 857 cum
891 797 956 858 Met.
986 797 1048 868 ΙΙΙΙ,
1077 799 1155 861 532:
1184 802 1290 865 dolor

184 894 332 960 addidit
353 895 445 957 iram
471 904 501 956 et
522 896 590 956 blet.
613 896 662 966 ΙΙΙ,
687 895 764 957 306:
787 895 909 956 minus
931 895 1083 957 addidit
1103 898 1190 960 irae.

143 1012 206 1074 llal.
229 1013 285 1073 51:
307 1013 379 1073 Aut
401 1011 518 1073 trahit
540 1012 576 1072 in
599 1030 780 1091 praeceps
804 1030 871 1072 cum
895 1013 959 1071 Am.
983 1011 1019 1084 ΙΙ,
1036 1011 1065 1082 9,
1081 1011 1137 1075 29:
1161 1015 1205 1077 Ut
1227 1036 1288 1078 ra-

184 1113 238 1193 pit
259 1111 296 1172 in
318 1129 499 1191 praeceps
523 1119 553 1172 et
574 1109 641 1171 lllet.
666 1111 700 1184 ll,
724 1110 780 1171 69:
803 1109 852 1171 Ne
874 1110 973 1170 ferar
994 1111 1032 1171 in
1056 1130 1246 1194 praeceps.

143 1229 206 1293 Hal.
232 1227 703 1308 119:epastass01usqui
732 1227 901 1289 ruminat
929 1246 1031 1290 escas
1062 1248 1129 1291 curn
1153 1232 1217 1294 Am.
1241 1233 1289 1305 111,

186 1328 217 1403 5,
234 1325 287 1391 17:
309 1328 408 1390 lente
430 1333 620 1388 revocatas
643 1327 808 1388 ruminat
830 1324 975 1387 herbas.

230 1459 332 1538 ltaque
355 1457 495 1519 Ouidiana
517 1457 547 1518 in
570 1455 740 1518 Halieuticis
770 1455 910 1517 memoria
938 1475 1000 1517 non
1030 1459 1171 1533 obscura3
1206 1459 1291 1521 cuius

144 1558 233 1620 etiam
256 1557 339 1636 plnra
361 1555 490 1635 exempla
514 1573 530 1615 a
552 1574 600 1616 me
624 1554 732 1634 passim
757 1555 865 1616 adferri
896 1554 1017 1615 videbis.
1063 1557 1174 1618 Tamen
1198 1566 1291 1620 utne

144 1674 231 1736 parra
254 1656 375 1736 quidem
396 1654 438 1715 illi
460 1654 636 1724 coridonem,
660 1654 690 1715 in
712 1653 817 1714 ultimo
841 1654 975 1732 exemplo
999 1653 1084 1733 quale
1106 1655 1142 1716 ab
1164 1676 1199 1717 eo
1223 1657 1291 1736 qui-

146 1757 213 1816 dem
237 1753 414 1817 adscribitur
436 1752 599 1814 similitudo
622 1753 715 1825 nulla3
745 1771 812 1813 vera
835 1760 934 1813 tamen
957 1753 1029 1813 latet
1051 1752 1176 1815 imitatio
1200 1775 1290 1835 quam

145 1853 300 1916 ostendam
339 1873 368 1932 p.
406 1852 455 1914 36.
521 1851 614 1912 Porro
657 1851 896 1913 subtrahendum
945 1853 1033 1914 etiarn
1072 1855 1289 1931 paenultimam

145 1953 324 2033 exemplum,
346 1951 414 2031 quia
437 1950 596 2029 Vergilium
619 1969 739 2029 quoque
761 1951 810 2012 hic
831 1951 939 2012 imitari
955 1958 1041 2030 poeta
1058 1961 1173 2030 poterat
1189 1953 1292 2015 dicen-

144 2060 224 2113 tem:
258 2051 347 2130 Atque
378 2049 463 2110 illum
494 2052 527 2110 ia
549 2066 685 2128 praeceps
709 2067 803 2129 prauo
834 2054 911 2130 rapit
939 2050 1036 2112 alceus
1065 2056 1146 2112 amnt
1171 2050 1290 2134 (Georg.

145 2151 168 2222 Ι,
190 2148 263 2223 203,
290 2151 328 2210 cl.
351 2148 424 2210 Aen.
440 2148 486 2221 Vl,
514 2146 590 2208 578:
627 2145 767 2209 Tartarus
796 2151 853 2228 ipse
885 2149 935 2209 no
960 2159 1037 2228 patet
1065 2154 1097 2210 ln
1121 2155 1291 2232 praecepcl3

42 2314 45 2321 ,
145 2249 381 2311 subtrahendum
415 2247 504 2309 etiam
537 2247 667 2325 primum
708 2266 773 2308 esse
810 2247 887 2308 infra
921 2249 1047 2310 fortasse
1080 2248 1133 2309 tibi
1166 2269 1291 2329 persua-

145 2347 260 2408 debitur
285 2347 359 2407 lecta
381 2344 485 2425 pagina
510 2344 564 2418 553
587 2344 713 2407 fortasse
735 2346 821 2406 etiam
843 2345 965 2407 tertium
985 2346 1090 2425 pagina
1115 2348 1171 2424 203
1194 2369 1290 2430 neque

148 2448 183 2508 de
217 2453 299 2507 sexto
333 2444 466 2523 exemplo
499 2445 659 2505 tacendum
694 2445 742 2526 estj
775 2445 902 2506 eundem
939 2444 1096 2524 praeivisse
1132 2447 1290 2527 Vergilium

147 2546 225 2625 apud
258 2550 346 2623 quem
383 2550 441 2604 est:
478 2561 606 2604 crassum
639 2547 725 2605 vomit
758 2561 806 2605 ore
836 2562 965 2606 νννιονννν
999 2548 1069 2605 llen.
1103 2544 1138 2614 ΙΙ,
1168 2545 1229 2607 349
1263 2555 1292 2609 et

147 2649 271 2706 roratum
302 2646 410 2721 spalmis
436 2645 525 2703 comit
558 2660 607 2703 ore
641 2659 771 2703 cruorem
799 2642 903 2721 Georg.
924 2642 972 2713 ΙΙΙ,
996 2641 1066 2702 516.
1111 2642 1186 2703 lllud
1214 2664 1292 2724 quo-

147 2763 204 2822 que
227 2740 404 2803 Ouidianum
426 2741 458 2805 in
479 2740 769 2820 Metamorphosibns
796 2745 890 2803 minuo
918 2740 1027 2802 addidit
1054 2745 1118 2801 trae
1148 2743 1292 2805 veriorem

147 2846 227 2902 certe
254 2839 434 2900 imitatorem
462 2838 600 2901 excitavit
627 2840 780 2902 Lucanum
809 2841 860 2919 qui
889 2839 1021 2919 scripsit:
1060 2851 1170 2903 tontum
1197 2851 1292 2903 tamen

147 2939 258 3000 addidit
286 2941 346 2998 irae
373 2936 394 3010 l,
423 2935 500 3011 2923
533 2944 665 2998 ceterum
698 2937 786 2999 Silius
814 2937 947 2999 Italicus:
983 2939 1126 3002 addebant
1152 2941 1292 3003 meotidas

147 3042 208 3098 iras
230 3035 278 3109 ΙΙΙ,
303 3034 375 3096 454.
420 3034 553 3115 Denique
576 3041 678 3096 contra
701 3044 798 3097 totum
822 3036 901 3097 istud
924 3046 1133 3115 argumentum
1157 3039 1291 3119 disputa-

146 3144 290 3198 turumne
328 3152 376 3194 me
410 3129 586 3212 exspectas?
631 3134 688 3194 Sed
723 3133 797 3194 nihil
828 3152 911 3214 agere
944 3135 1025 3197 nolo.
1081 3137 1228 3200 Nimirum
1260 3139 1291 3198 id

146 3238 244 3316 ipsum
274 3232 432 3293 ostendere
466 3251 492 3290 v.
522 3232 549 3292 d.
577 3232 679 3293 omisit
706 3232 913 3294 similitudines
938 3233 1000 3295 illas
1028 3235 1163 3297 imitandi
1191 3237 1291 3298 studio

147 3342 226 3397 ortas
256 3349 321 3394 esse
349 3348 423 3391 non
451 3348 562 3409 posse
588 3366 631 3374 —-
658 3331 689 3392 in
719 3351 776 3411 quo
805 3339 905 3395 tamen
934 3351 1038 3394 causae
1066 3334 1154 3395 cardo
1177 3335 1291 3415 positus

147 3443 201 3496 est.
245 3436 349 3516 ltaque
378 3434 533 3496 monuisse
559 3434 630 3496 satis
652 3435 795 3496 habemus
817 3434 873 3498 sub
897 3435 1023 3514 imperio
1045 3436 1171 3497 Neronis
1193 3455 1292 3517 neque

148 3552 208 3595 non
231 3533 332 3595 Claudi
355 3531 456 3593 Tiberi
478 3531 557 3593 inter
582 3533 710 3595 Senecae
737 3533 865 3594 manime
895 3534 1029 3613 aequales
1059 3541 1090 3595 et
1117 3535 1199 3597 Persi
1222 3536 1293 3598 Ovi-

147 3632 228 3693 diani
262 3631 368 3693 coloris
400 3650 564 3710 vocumque
593 3631 802 3693 Ovidianarnm
837 3651 985 3694 summam
1019 3652 1092 3694 sane
1126 3634 1291 3696 obtinuisse

146 3729 359 3810 captationem,
390 3747 487 3809 neque
515 3729 570 3791 bac
604 3748 636 3791 re
671 3731 830 3811 quidquam
861 3731 959 3792 tritius
986 3740 1038 3795 aut
1066 3732 1158 3812 magis
1185 3740 1291 3794 notum

147 3835 202 3890 est.
247 3827 343 3899 Quam
358 3827 383 3888 si
400 3828 466 3908 quis
483 3828 519 3889 de
535 3828 705 3890 Halieuticis
725 3830 820 3890 valere
842 3849 929 3909 posse
953 3829 1081 3916 negabit,
1105 3839 1133 3892 et
1149 3831 1292 3892 Heroides

147 3928 182 3989 ad
216 3944 309 3987 unam
343 3944 446 3987 ornnes
474 3927 614 3989 obtrudet
641 3929 751 3990 Nasoni
780 3936 808 3989 et
840 3928 969 3989 Culicem
998 3929 1123 4008 Vergilio
1153 3938 1182 3990 et
1212 3930 1292 3990 (lirin

147 4025 271 4104 Vergilio
295 4024 382 4086 simul
404 4044 438 4086 ac
461 4025 573 4086 Catullo
596 4033 624 4087 et
639 4025 820 4106 Lygdamum
836 4026 952 4087 Tibullo
968 4026 1162 4106 simulatque
1177 4026 1290 4105 ovidio,

148 4125 277 4204 deniquo
300 4123 390 4185 etiam
413 4123 636 4185 Consolatorem
657 4125 740 4185 illum
765 4127 801 4185 de
824 4133 920 4186 morte
943 4124 1029 4186 Drusi
1052 4125 1089 4185 ad
1105 4123 1215 4184 Liviam
1239 4124 1291 4205 qni

147 4222 296 4285 Ouidianis
319 4229 418 4299 turget
440 4220 588 4282 Tomitam
610 4242 642 4283 re
665 4241 731 4283 vera
753 4223 843 4285 fuisse
866 4223 1034 4285 affirmabit.

233 4321 413 4382 Substruere
430 4318 519 4380 etiam
543 4308 596 4380 alia
620 4329 743 4382 conatus
765 4329 809 4382 est
832 4342 858 4382 v.
876 4321 921 4396 d.;
944 4340 991 4382 res
1015 4329 1085 4381 sunt
1107 4337 1177 4382 sane
1200 4340 1288 4401 qnam

104 4435 107 4440 ·
148 4419 329 4482 minusculae
345 4427 375 4480 et
390 4418 515 4480 fortasse
530 4436 604 4498 quas
620 4419 759 4480 omittere
772 4419 872 4494 liceat3
895 4419 953 4480 nisi
968 4418 1146 4498 quodetiam
1164 4419 1288 4482 nimiam
