2924 5018
559 256 782 319 ..43-

96 439 183 500 etiam
208 437 345 500 vertisset
366 434 428 496 lero
455 434 491 495 ad
517 431 640 494 verbum
668 432 699 493 iu
726 434 914 495 hexametros
941 432 1059 495 latinos.
1105 434 1240 516 Namque

94 538 154 598 iarn
175 538 320 616 tangenda
343 534 447 595 saltem
471 532 529 594 boc
558 532 621 593 loco
652 541 697 593 est
727 552 816 613 quam
844 532 919 594 inira
947 532 1157 613 explicabimus
1187 534 1241 596 ob-

95 637 221 698 servatio
246 655 309 697 non
331 632 493 714 simplicior
514 651 604 711 quam
628 632 742 711 gravior
767 633 799 693 in
830 632 928 712 priore
957 640 1035 693 certe
1058 640 1141 713 parte
1163 635 1242 713 frag·

96 734 189 796 menti
213 735 388 814 scriptorem
411 751 514 812 graeco
538 730 635 811 aliquo
667 733 801 813 exemplo
825 749 927 793 revera
950 740 1085 794 accurate
1107 732 1242 812 obsequi,

96 834 176 913 quod
199 832 224 894 si
248 833 283 907 in
307 831 402 913 capite
430 831 518 893 buius
545 831 755 911 disputationis
785 830 1028 911 exposuissemus
1051 832 1243 910 grammatica

79 929 81 932 ⁴
95 932 223 994 fortasse
239 929 455 1012 argumentatio
471 936 533 991 tota
548 947 765 1009 supervacanea
790 930 848 992 visa
864 930 979 1004 luisset,
1002 930 1243 1010 quandoquidem

96 1049 157 1093 non
190 1030 248 1092 nisi
280 1029 432 1091 liberrime
465 1029 739 1106 ingeniosissimum
772 1038 892 1108 poetam
915 1028 1017 1089 alicnis
1050 1029 1094 1090 uti
1127 1028 1242 1090 auxiliis

97 1129 176 1192 dicet
196 1130 223 1191 is
246 1148 365 1210 quoque
387 1128 439 1208 qui
459 1126 491 1189 0.
510 1127 731 1215 Schneiderum
748 1127 784 1187 de
800 1126 881 1188 ibide
896 1126 1065 1188 Callimachi
1085 1146 1244 1208 perperam

96 1228 241 1291 iudicasse
264 1236 352 1308 atquc
374 1228 411 1288 ad
434 1227 706 1304 buiusimaginem
736 1226 831 1306 ipsam
856 1224 1028 1287 Ouidianam
1053 1226 1119 1287 lbin
1144 1227 1244 1288 delor-

97 1335 209 1388 matam
242 1344 308 1388 esse
341 1326 528 1388 intellexerit.
576 1325 710 1405 Denique
743 1324 821 1385 illam
847 1322 932 1384 Ovidi
960 1331 990 1384 et
1012 1324 1242 1387 Halieutioorum

97 1427 246 1488 sermonis
269 1415 470 1487 differentiam
494 1444 528 1487 ex
549 1424 725 1504 imperfecto
749 1430 829 1484 statu
849 1422 1007 1501 fragmenti
1030 1424 1174 1505 explicare
1195 1424 1244 1486 in·

98 1524 197 1586 sanire
220 1533 284 1599 est;
306 1543 477 1587 sermonem
494 1543 583 1586 nemo
605 1542 694 1584 suum
718 1523 815 1597 exuit3
837 1530 940 1583 contra
963 1522 1063 1584 minus
1085 1523 1175 1603 polita
1198 1524 1243 1585 vel

98 1624 224 1687 celerius
272 1624 381 1704 scripta
424 1623 551 1704 propriis
595 1631 701 1703 poetae
750 1621 843 1700 magis
883 1621 1071 1682 inundentur
1115 1629 1241 1702 oportet.

97 1723 314 1786 Iucundissima
339 1723 473 1785 Schilleri
499 1722 594 1783 nostri
617 1729 735 1801 praesto
763 1719 942 1800 comparatio
970 1728 1029 1795 est3
1060 1720 1142 1782 cuius
1163 1721 1243 1801 frag-

99 1832 198 1884 menta
220 1841 259 1882 ne
281 1822 424 1901 neglegat,
449 1821 499 1901 qui
521 1820 662 1882 iudicium
686 1821 722 1880 de
746 1828 846 1881 nostra
863 1820 1038 1900 quaestione
1055 1822 1132 1883 ferre
1155 1822 1241 1882 volet.

184 1919 284 1982 Unum
313 1921 428 1982 addam.
473 1919 596 1981 Aridum
632 1927 661 1980 et
695 1919 887 1980 invenustum
922 1919 1119 1997 fragmentum
1153 1921 1242 1982 etiam

98 2019 251 2099 Zingerleo
273 2019 368 2080 risum
391 2027 447 2089 est,
470 2018 598 2079 maxime
620 2036 690 2079 rero
711 2017 894 2079 enumeratio
915 2017 1053 2096 piscium3
1077 2020 1244 2099 relegamur

98 2119 258 2180 tamenab
285 2138 320 2179 co
353 2118 389 2179 ad
421 2117 663 2179 enumerationes
691 2116 753 2177 illas
781 2116 938 2177 nominum
971 2117 1015 2178 vel
1043 2118 1169 2180 heroum
1199 2120 1245 2181 vel
1325 2148 1328 2154 ·

99 2217 278 2297 oppidorum
302 2217 347 2278 rel
371 2235 476 2278 canum
500 2214 545 2277 vel
571 2214 710 2277 similium
739 2234 812 2295 quas
839 2213 962 2275 Ovidius
989 2215 1052 2295 ipse
1081 2237 1148 2278 cum
1176 2218 1244 2279 alibi

99 2322 165 2376 turn
192 2315 224 2377 in
250 2312 576 2377 Translormationibus
604 2314 732 2375 ostendit
755 2333 839 2376 more
868 2313 926 2376 stili
955 2316 1030 2396 epici
1057 2335 1116 2396 quo
1143 2334 1244 2377 rerum

70 2435 77 2440 ·
99 2422 236 2476 accurate
260 2413 525 2481 describendarum
547 2413 679 2474 studium
703 2432 771 2474 cum
795 2413 895 2474 studio
911 2414 1100 2492 coniungitur
1122 2415 1243 2476 tardan-

100 2513 154 2574 dae
177 2513 300 2575 actionis
323 2512 534 2592 tranquillandi
549 2511 641 2572 animi
664 2518 786 2572 eventus
809 2513 1014 2592 praeparandi
1052 2511 1138 2584 Quod
1161 2531 1244 2573 com-

99 2613 326 2673 memorandum
351 2612 420 2673 duxi
448 2611 547 2691 spuria
571 2609 731 2671 Halieutioa
758 2629 824 2671 esse
854 2628 931 2671 noro
961 2597 1137 2689 argumento
1165 2611 1244 2672 evic-

99 2716 199 2783 turus‚
222 2710 374 2788 Zingerleo
401 2710 485 2771 duce.
532 2709 755 2770 Enumerantur
782 2709 813 2769 in
841 2717 924 2790 parte
951 2709 1118 2789 posteriore
1147 2710 1244 2787 pisces

100 2807 314 2888 quinquaginta
339 2818 417 2884 tres3
446 2809 497 2869 sed
528 2826 586 2887 qua
616 2817 833 2869 enumerentur
862 2818 923 2870 arte
952 2810 1084 2870 animum
1114 2809 1242 2869 adverte.

100 2906 224 2968 Plurimi
241 2907 361 2987 quidem
376 2906 527 2987 particulis
542 2907 724 2968 adseruntur
745 2915 797 2968 aut
816 2918 843 2969 et
864 2917 915 2970 aut
930 2927 983 2988 que
1005 2915 1055 2969 aut
1077 2917 1160 2986 etque
1177 2909 1244 2982 (ue),

98 3005 150 3066 sed
179 3005 241 3067 uon
264 3005 363 3068 minus
390 3014 494 3087 quater
523 3016 583 3067 tum
607 3006 713 3083 legitur
742 3010 780 3083 (r.
799 3005 868 3067 103.
895 3005 964 3069 109.
983 3008 1051 3067 111.
1070 3008 1153 3087 126),
1184 3024 1245 3068 non

100 3103 200 3165 minus
222 3112 328 3184 quater
350 3104 474 3166 omnino
504 3104 645 3184 particula
675 3104 860 3167 desideratur
889 3107 926 3184 tr.
944 3104 992 3166 99.
1012 3107 1080 3167 121.
1100 3107 1177 3179 1263
1209 3107 1245 3166 de

100 3221 206 3265 versus
232 3203 291 3265 103
319 3204 447 3265 lectione
478 3221 539 3264 non
568 3203 728 3264 admodum
758 3212 896 3266 constare
920 3206 1035 3267 dicetur
1057 3206 1161 3283 intra);
1196 3224 1245 3268 ac-

101 3302 179 3364 cedit
198 3303 287 3363 etiam
311 3303 390 3382 quod
424 3301 518 3363 semel
551 3301 615 3362 siue
644 3302 702 3363 ulla
736 3303 854 3366 ratione
880 3304 999 3366 inicitur
1022 3308 1091 3384 quin
1113 3324 1139 3364 v.
1165 3306 1244 3366 113:

84 3402 182 3474 'Quin
204 3402 289 3463 ioum
310 3404 429 3481 insignis
450 3400 558 3462 caedue
580 3400 763 3474 melanurus,
793 3403 886 3475 male;
908 3410 998 3482 atquo
1020 3403 1103 3463 locus
1126 3410 1171 3463 est
1192 3401 1245 3464 ubi

100 3500 197 3581 aptius
219 3500 290 3581 poni
312 3499 459 3580 potuerit3
482 3498 580 3560 editur
603 3499 683 3560 onim
705 3519 730 3560 v.
750 3501 805 3561 75:

222 3641 304 3713 Quae
325 3641 388 3701 laus
409 3639 504 3719 prima
528 3658 636 3701 canum
660 3638 769 3719 quibus
793 3648 838 3701 est
860 3639 980 3701 audacia
1002 3659 1145 3720 praeceps

221 3738 413 3818 venandique
436 3756 524 3817 sagax
546 3738 640 3799 uirtus
661 3739 798 3818 uiresque
820 3739 974 3818 sequendi.

100 3895 228 3957 Prorsus
255 3895 312 3955 hoo
334 3893 514 3968 absurdum,
544 3895 601 3957 nisi
626 3915 697 3976 quae
720 3896 929 3975 interrogantis
952 3916 1018 3958 esse
1040 3903 1167 3972 statues;
1195 3900 1246 3959 sed

102 3994 212 4056 mirum
235 3993 416 4055 etiamtunc
439 3993 513 4069 erit3
535 3994 659 4074 insuper
682 3996 812 4058 offendet
837 3997 938 4077 quidus
959 4007 1008 4068 cst,
1031 4015 1098 4058 cum
1123 4015 1245 4075 exspec-
1274 4076 1277 4082 ¹

101 4099 194 4156 tetur:
223 4095 326 4169 „Quae
347 4092 412 4154 laus
434 4093 528 4173 prima
558 4110 666 4155 canum
689 4091 757 4155 est?
786 4094 938 4155 Animine
963 4094 1081 4156 audacia
1104 4113 1245 4174 praeceps

101 4191 268 4253 venandine
292 4210 316 4252 s.
334 4195 380 4252 v.“
404 4188 489 4271 eqsf?
531 4192 670 4252 Traditur
691 4196 757 4273 qui;
789 4193 933 4272 scriptum
967 4192 1037 4253 tuit:
1072 4194 1150 4266 Quin
1183 4192 1247 4254 leus

98 4295 197 4373 pomo
220 4309 332 4363 canum,
355 4290 412 4351 hoo
434 4298 493 4351 est:
522 4290 601 4363 Quin
623 4290 712 4351 etiam
734 4293 800 4371 plus
823 4293 907 4372 equis
931 4309 1018 4353 canes
1040 4290 1148 4351 valent.
1184 4291 1245 4352 lam

102 4407 173 4452 vero
196 4390 232 4451 ad
254 4389 402 4467 catalogos
435 4396 470 4450 ut
495 4395 695 4462 revertamur,
730 4389 851 4452 Ovidius
885 4391 948 4471 ipse
982 4388 1103 4450 nomina
1138 4407 1245 4454 canum
