2924 5018
623 290 868 355 -125—

169 464 242 526 sisse
271 464 442 527 auctoribus
471 466 633 545 putabitur.
687 468 789 548 Neque
819 466 866 529 his
897 467 958 528 veri
988 466 1100 546 species
1127 467 1318 547 derogabitur

168 581 203 623 eo
234 564 314 643 quod
345 564 513 643 exemplum
542 583 679 643 graecum
710 567 781 646 quid
812 565 904 627 buerit
932 566 1020 645 plane
1049 565 1209 628 ostendere
1238 574 1317 628 tem-

168 679 276 741 porum
297 661 402 724 iniuria
431 680 492 723 non
511 665 666 726 concessit.
708 666 814 726 Poetas
837 664 916 725 enim
938 663 1059 744 quidem
1085 664 1315 728 Halieutioorum

168 777 288 837 graccos
312 761 449 823 novimus
465 762 607 843 quinque,
629 763 795 825 carminum
811 762 944 843 ipserum
960 780 1055 824 unum
1071 769 1197 837 tantum,
1220 780 1317 844 neque

167 858 240 920 adeo
258 860 321 921 eius
336 860 392 922 nisi
409 861 616 923 coniectariam
632 863 803 942 imaginem.

252 961 349 1041 Atque
363 960 589 1025 Archestrati
602 964 758 1024 lucronum
771 969 801 1023 et
810 958 1050 1040 opsophagorum
1064 959 1183 1023 Hesiodi
1194 955 1316 1041 χρύσεα

167 1054 231 1139 ἔντη
247 1058 348 1120 minus
365 1078 446 1134 curo,
468 1079 544 1139 quae
558 1061 783 1143 γαστρονομία
797 1060 843 1119 rel
857 1056 1077 1135 δετττνολογία
1092 1059 1127 1121 ad
1143 1059 1315 1139 piscationis

165 1163 259 1217 artem
286 1175 347 1219 non
373 1159 479 1220 attinet
505 1159 563 1220 nisi
590 1159 668 1239 quod
691 1159 764 1219 alios
790 1157 916 1219 fortasse
941 1157 1030 1218 talem
1054 1164 1089 1219 ut
1104 1157 1315 1219 substruerent

164 1253 307 1317 invitavit.
340 1257 478 1318 Ennius
501 1266 599 1319 autern
622 1264 709 1336 poeta
725 1275 792 1318 cum
817 1255 974 1334 metropoli
997 1255 1044 1318 illa
1062 1256 1220 1336 Epicureae
1243 1257 1314 1317 doc-

165 1353 260 1415 trinae
276 1373 364 1434 quam
381 1355 562 1436 Chrysippus
586 1356 701 1418 dicebat
723 1356 817 1417 ditare
839 1354 998 1435 imperium
1014 1354 1180 1417 Romanum
1202 1357 1314 1417 consti-

163 1453 279 1526 tuisset,
306 1454 480 1516 Saturarum
508 1473 628 1518 suarum
658 1462 772 1536 partem
796 1452 1033 1533 Hedupbagetica
1056 1453 1161 1515 fecisse
1189 1463 1219 1516 et
1245 1473 1312 1514 curn

163 1549 231 1631 libri
246 1560 412 1622 saturarum
430 1562 480 1616 aut
495 1561 636 1635 quattuor
650 1553 778 1616 luissent
792 1560 844 1614 aut
866 1570 915 1613 sex
932 1551 1084 1613 autetiam
1101 1552 1201 1633 plures
1218 1570 1312 1614 unum

163 1648 272 1712 librum
288 1651 411 1731 plenum
425 1651 461 1713 iis
477 1652 660 1715 concessisse
676 1652 789 1714 facilins
811 1669 864 1730 ego
888 1650 961 1711 mibi
977 1649 1110 1729 persuasi
1126 1668 1216 1729 quam
1232 1651 1312 1731 quod

163 1747 241 1809 idem
258 1748 294 1809 de
310 1749 450 1829 Scipione
464 1750 611 1812 Vahlenus
634 1751 751 1820 statuit;
777 1769 846 1811 nam
875 1767 999 1828 prorsus
1024 1748 1161 1810 similiter
1176 1756 1206 1809 et
1220 1749 1312 1810 Varro

163 1845 334 1926 Menippeus
357 1848 436 1909 iuter
462 1849 567 1910 satiras
593 1868 661 1911 suas
689 1867 780 1910 unam
797 1866 861 1909 esse
876 1847 968 1909 voluit
983 1842 1060 1929 περὶ
1076 1842 1267 1928 ἐδεσμάτων
1283 1855 1312 1908 ct

163 1943 305 2010 Horatius
315 1946 377 2008 Cati
392 1947 495 2027 pandit
506 1947 671 2010 doctrinam
684 1948 776 2011 Serm.
790 1946 815 2010 ll
828 1947 855 2008 3.
880 1946 1052 2008 Submonco
1065 1954 1163 2007 autem
1176 1945 1266 2007 uthis
1278 1946 1310 2008 iu

161 2042 250 2105 rebus
266 2063 324 2125 qua
339 2045 473 2109 libertate
488 2048 533 2108 uti
549 2047 672 2118 Romani
688 2047 801 2125 graecis
825 2045 966 2126 exemplis
989 2043 1142 2125 potuerint
1157 2044 1311 2124 intellega-
1413 2080 1414 2084 =

161 2148 220 2215 tur,
233 2160 270 2202 ne
279 2143 405 2205 Ennium
419 2144 538 2225 quidem
550 2145 869 2227 ederehrchestratum
881 2143 979 2205 latinis
992 2143 1088 2204 verbis
1099 2142 1249 2222 integrum
1263 2163 1312 2204 sa-

162 2240 199 2300 tis
222 2240 371 2314 babuisse,
387 2243 438 2304 scd
455 2243 544 2305 luisse
561 2243 611 2305 ubi
627 2262 690 2305 rem
706 2244 891 2304 immutaret:
919 2260 987 2303 narn
1010 2242 1168 2319 fragmenti
1183 2242 1309 2303 Enniani

161 2337 278 2427 (Apulei
289 2339 371 2425 Apol.
385 2339 439 2420 39)
455 2341 593 2404 undecim
607 2351 698 2404 metra
711 2340 888 2403 continentis
901 2359 1080 2420 quamquam
1093 2358 1141 2400 res
1154 2338 1264 2403 multae
1279 2341 1309 2401 iu

160 2435 342 2509 brehestrati
369 2459 488 2520 quoque
515 2441 686 2521 fragmentis
702 2437 832 2520 (Athen.
849 2459 876 2519 p.
895 2437 966 2499 921)
987 2447 1017 2499 et
1034 2436 1137 2516 ater)
1160 2439 1308 2518 leguntur,

160 2542 261 2597 tamen
284 2538 420 2617 helopem
444 2539 554 2618 piscem
573 2540 776 2602 Archestratus
800 2538 918 2620 quidem
951 2536 1091 2598 docuerat
1117 2536 1228 2598 clarum
1254 2537 1309 2598 ha—

160 2632 223 2696 beri
240 2636 392 2715 Syracusis
409 2636 527 2716 (Athen.
546 2637 661 2718 300E)‚
685 2646 788 2699 contra
803 2636 918 2698 Ennius
934 2655 960 2696 v.
977 2636 1011 2695 4:
1033 2634 1171 2698 Surrenti
1182 2634 1307 2719 helopem

158 2733 209 2813 suc
231 2722 317 2806 emec,
345 2736 423 2816 opud
440 2735 545 2799 Comes
564 2737 708 2818 glaucum.
739 2737 814 2798 ltem
838 2734 1000 2815 apriculum
1016 2734 1221 2796 hrchestratus
1237 2754 1307 2816 cap·

159 2840 225 2893 tum
246 2833 417 2897 Ambraciae
433 2835 592 2897 emendum
615 2835 687 2897 dixit
713 2831 774 2897 κᾶν
801 2830 974 2917 ἰσόχρυσος
998 2830 1033 2916 ἔῃ
1057 2832 1173 2912 (Athen.
1192 2831 1306 2911 305E),

160 2929 357 2994 Tarentinum
365 2932 493 3007 Ennius3
512 2935 582 2996 item
599 2953 715 2996 scarum
725 2930 911 3001 Chalcedone
923 2931 1055 3013 Byzantii
1067 2931 1177 3013 Ephesi
1189 2932 1306 3004 (Athen.

160 3028 254 3091 320ss
270 3037 300 3091 et
315 3031 352 3111 Α)
375 3032 456 3105 alter,
484 3033 559 3109 alter
573 3033 699 3096 Nestoris
725 3032 765 3094 ed
786 3036 922 3114 petrium.
953 3027 1085 3094 Duorum
1102 3040 1202 3093 autern
1219 3031 1305 3112 eppi-

158 3130 264 3203 dorum
303 3129 508 3194 confusionem
548 3131 688 3194 accidisse
729 3130 826 3193 Ennio
864 3131 895 3192 in
939 3131 995 3192 hac
1031 3149 1171 3192 versuum
1209 3140 1306 3209 strage

160 3229 351 3301 crediderim

260 3342 407 3406 Omnibus
423 3350 456 3404 ut
472 3342 577 3422 Clypea
592 3349 724 3423 praestat
738 3340 865 3416 mustela
881 3341 994 3405 marina

258 3442 356 3504 Mures
372 3450 443 3505 sunt
456 3441 532 3526 beni
547 3460 651 3522 aspera
666 3449 762 3505 ostrea
777 3441 905 3521 plurima
920 3439 1023 3520 Abydi,

258 3538 412 3620 llytilenae
427 3549 474 3603 est
487 3551 596 3620 pecten
611 3540 826 3620 caradrumque
841 3540 919 3621 apud
936 3536 1087 3600 umbraoie
1103 3535 1187 3612 lines,

257 3639 407 3702 Brundisii
422 3656 526 3718 sargus
541 3638 640 3702 bonus
655 3648 716 3703 est:
732 3639 813 3703 hunc
828 3655 952 3718 maguus
967 3637 992 3699 si
1008 3635 1072 3711 erit,
1088 3653 1182 3697 sume.

156 3782 272 3854 Quibus
287 3799 355 3843 cum
371 3800 473 3861 graeca
488 3785 689 3868 respondeant
703 3784 776 3846 haec
790 3782 908 3861 (Athen.
924 3780 1023 3862 obuy:

256 3891 332 3966 τούς
354 3893 416 3976 μῦς
443 3895 548 3966 Αἶνος
569 3892 636 3973 ἔχει
659 3891 833 3977 μεγάλους,
857 3891 992 3978 ὄστρεια
1011 3888 1044 3956 δ’
1060 3889 1214 3974 Ἄβυδος,

256 3991 315 4064 τὰς
338 3988 474 4074 ἄρκτους
498 3989 639 4075 Πάριον,
661 3992 737 4068 τούς
758 3992 798 4056 δὲ
819 3996 933 4066 κτένας
955 3988 975 4076 ἡ
1000 3987 1185 4073 Μιτυλήνη·

257 4090 434 4164 πλείστους
469 4087 504 4154 δ’
538 4087 724 4175 Ἀμβρακία
759 4094 909 4175 παρέχοι.
941 4090 1008 4152 καὶ
1052 4088 1190 4152 uideat
1227 4084 1299 4170 μετ’

479 4222 482 4227 ·
665 4212 670 4219 ·
1060 4208 1168 4251 αοτιον

154 4315 207 4383 lita
224 4315 304 4376 enim
321 4314 491 4377 dubitanter
505 4314 620 4393 scripsi,
639 4323 685 4375 est
696 4313 776 4374 enim
792 4311 884 4386 πλώς
899 4313 989 4393 piscis
1000 4312 1056 4374 alio
1068 4312 1189 4372 nomine
1202 4311 1298 4373 dictus

154 4410 318 4495 κεανρούςς
335 4414 475 4493 mugilem
487 4422 586 4477 autem
596 4412 628 4473 in
640 4414 830 4476 brohestrato
841 4413 931 4474 simul
945 4412 1016 4491 lege
1022 4411 1168 4491 optimum
1180 4419 1297 4490 captum
