2924 5018
570 313 789 375 ,47-

102 488 264 568 perlaveris
280 506 351 568 puae
374 491 561 549 inveniantur
575 496 625 549 aut
640 489 766 551 fortasse
782 509 854 569 qaae
868 492 1079 570 investigantur
1098 490 1247 552 animalia.

103 587 164 648 lam
189 587 268 666 quod
291 588 420 666 primum
449 587 497 647 ille
529 587 564 648 de
585 588 717 666 piscibus
742 588 891 650 Ovidianis
911 607 983 669 qaae
1010 589 1087 668 apud
1108 593 1249 650 neminem

103 687 194 749 alium
216 690 402 767 reperiuntur
423 705 601 767 quamquam
624 687 704 748 credi
733 688 881 768 hodieque
904 688 979 749 solet
1001 695 1102 748 tamen
1124 687 1249 748 falsissi-

103 804 187 848 mum
210 805 276 847 esse
299 793 327 847 et
351 785 401 845 diu
425 784 576 870 cognitum
603 794 648 846 est
671 784 721 864 (el.
744 785 895 866 Montigny
919 785 1112 858 Quaestiones
1136 785 1165 846 in
1188 786 1249 846 Pli-

102 884 146 945 nii
162 931 168 944 .
187 929 194 943 .
212 884 248 944 de
264 882 440 945 animalibus
456 883 556 944 libros.
587 883 709 944 Bonnae
727 882 808 945 1864
823 903 853 965 p.
871 884 923 957 40)
948 892 979 946 et
1001 884 1140 946 stultitiae
1162 885 1249 964 igno-

102 983 270 1063 rationique
298 983 375 1043 Plini
403 981 503 1043 deberi
537 983 612 1043 inira
648 982 847 1062 explicabitur.
894 983 957 1055 Qua
989 976 1157 1044 coniectura
1188 1003 1248 1044 non

102 1082 199 1143 verior
221 1101 254 1143 ea
279 1090 324 1142 est
347 1101 437 1161 quam
460 1081 578 1143 aliunde
600 1089 766 1161 acceperat,
791 1080 875 1143 Ovidi
898 1100 1018 1145 carmen
1040 1101 1106 1144 esse
1130 1092 1159 1145 et
1181 1084 1248 1164 qui·

103 1180 171 1242 dem
195 1180 295 1242 Tomis
319 1180 466 1261 supremis
489 1178 564 1241 vitae
587 1178 774 1259 temporibus
797 1179 832 1240 ab
858 1199 893 1240 eo
916 1180 1096 1242 incohatum.

188 1279 311 1340 Errores
328 1279 416 1339 huius
440 1277 548 1339 saeculi
563 1277 676 1338 similes
699 1278 1008 1359 circumspicientibus
1024 1279 1113 1340 Culex
1129 1298 1249 1341 carmen

102 1397 135 1439 se
159 1377 254 1439 allent.
289 1377 407 1438 Scimus
430 1395 491 1437 non
514 1378 610 1438 solum
628 1377 753 1438 Statium
770 1376 851 1455 (Silv.
867 1377 893 1438 ll
910 1379 938 1451 7,
954 1377 994 1438 73
1011 1396 1055 1457 sq.
1072 1387 1101 1438 et
1116 1379 1128 1439 1
1143 1378 1248 1458 prael.)

103 1485 191 1556 atquc
213 1475 376 1536 Martialem
400 1474 552 1551 (11111185
576 1483 606 1536 et
624 1475 688 1535 Vlll
710 1474 760 1549 56,
784 1476 822 1537 19
838 1475 906 1555 sq.),
935 1477 987 1537 sed
1015 1477 1072 1537 iam
1095 1477 1247 1538 Lucanum

102 1561 201 1655 ipsum
227 1573 373 1635 Suetonio
396 1580 472 1634 teste
495 1576 534 1654 (p.
553 1575 593 1635 50
609 1573 795 1652 Reifferscb.)
819 1574 947 1636 Culicem
973 1574 1079 1654 Vergili
1102 1576 1248 1638 lectitasse

103 1681 133 1734 et
155 1674 235 1734 hunc
257 1673 377 1752 quidem
409 1690 469 1732 non
504 1673 567 1733 sine
588 1672 798 1744 admiratione,
832 1691 900 1734 cum
923 1673 965 1734 illi
986 1673 1097 1752 paritor
1120 1693 1152 1735 os
1174 1674 1248 1735 rude

103 1781 307 1852 agnoscerent.
353 1771 414 1832 lam
438 1771 505 1850 quia
529 1771 580 1850 qui
602 1771 681 1833 diem
704 1772 772 1833 tulit
792 1771 881 1834 Culex
900 1777 969 1851 post
988 1770 1137 1833 Neronem
1161 1771 1249 1833 scribi

103 1870 181 1932 baud
206 1870 289 1950 facile
311 1870 422 1950 potuit,
454 1870 648 1932 dubitandum
678 1889 739 1932 non
771 1878 833 1932 erat
857 1871 929 1951 quin
957 1869 1033 1931 idem
1058 1878 1136 1932 esset
1159 1878 1248 1950 atque

103 1988 190 2049 quem
220 1969 383 2030 admiratus
412 1969 547 2030 Lucanus
575 1977 628 2031 est.
673 1969 778 2032 Critica
806 1969 854 2030 illa
881 1987 944 2031 non
970 1969 1094 2031 luerunt
1121 1968 1247 2048 ingenia.

102 2067 254 2130 Excusent
277 2068 353 2147 apud
377 2067 495 2130 criticos
518 2068 597 2131 inter
618 2088 652 2130 se
675 2069 712 2130 de
734 2087 819 2130 caeca
841 2067 898 2130 ista
922 2068 1096 2130 credulitate
1111 2068 1249 2131 Lucanus

102 2166 244 2247 deceptus
267 2166 468 2247 deceptusque
490 2165 615 2228 Plinius.
645 2167 713 2228 Non
735 2167 873 2247 intellego
898 2186 960 2228 nou
984 2186 1078 2229 unum
1102 2187 1249 2248 quemque

103 2265 275 2346 quicunque
307 2265 421 2346 primos
451 2265 557 2328 Culicis
586 2284 691 2327 versus
722 2266 823 2327 docem
858 2264 963 2345 legerit
995 2266 1175 2345 persentire,
1208 2267 1248 2328 ita

104 2366 140 2427 de
161 2384 193 2428 sc
215 2364 296 2445 loqui
326 2365 446 2426 solitum
473 2383 535 2426 non
563 2384 627 2426 esse
657 2363 910 2426 modestissimum
938 2371 1067 2444 poetam.
1112 2365 1150 2425 at
1178 2382 1247 2424 vero

102 2465 203 2526 nescio
226 2482 299 2526 num
322 2464 448 2526 fortasse
469 2464 504 2525 de
528 2463 642 2544 origine
663 2463 762 2543 spuria
785 2462 865 2523 inter
880 2479 984 2523 omnes
1007 2461 1067 2522 iam
1084 2462 1247 2524 conveniat.

102 2563 146 2624 Ad
181 2563 260 2643 quod
294 2562 500 2624 stabiliendum
534 2562 676 2624 iudicium
699 2580 791 2643 pauoa
815 2560 919 2626 monui
941 2560 984 2619 dd
1009 2559 1076 2621 hist.
1103 2560 1169 2621 hex.
1196 2562 1247 2622 lat.

102 2681 131 2743 p.
149 2661 187 2721 41
197 2681 258 2741 sq.;
280 2661 388 2722 addere
407 2670 508 2723 tamen
524 2661 640 2742 linguae
655 2659 864 2739 castigationes
885 2677 968 2720 cesso
983 2658 1160 2737 praesertim
1179 2679 1248 2721 cum

102 2758 139 2822 ab
161 2757 285 2822 infantia
300 2759 408 2840 Vergili
430 2760 586 2821 imitatoris
608 2760 733 2822 infantia
750 2777 809 2839 quo
833 2757 947 2819 differat
970 2756 1113 2819 sentiatur
1133 2757 1247 2818 facilius

103 2877 192 2939 quam
215 2858 415 2937 dignoscatur.
461 2859 519 2920 Sed
543 2859 698 2939 proprium
729 2855 997 2919 transformationis
1025 2855 1146 2918 verbum
1170 2855 1248 2918 abira

101 2960 132 3018 to
156 2958 281 3037 aliquam
298 2940 360 3019 rem
376 2959 415 3037 (a.
433 2957 507 3033 226)
524 2957 736 3019 Ovidianarum
750 2955 1062 3019 Translormationum
1086 2955 1248 3017 memoriae

103 3055 204 3117 deberi
226 3056 369 3118 videatur.
405 3055 568 3119 Telamonia
590 3061 681 3119 vatus
703 3055 741 3136 (v.
758 3056 832 3131 297)
854 3074 908 3135 pro
931 3053 1002 3114 lorti
1017 3051 1177 3114 Telamone
1204 3061 1249 3115 est

93 3153 152 3236 ,(cs.
168 3175 195 3216 v.
212 3154 300 3238 326):
331 3156 372 3217 ita
396 3156 489 3218 virtus
514 3173 575 3218 non
599 3162 657 3217 stat
679 3154 758 3234 apud
780 3153 942 3216 Maronem.
987 3151 1041 3213 Hic
1064 3154 1158 3214 semel
1181 3151 1249 3233 plu-

101 3253 202 3316 raliter
216 3254 254 3330 (X
265 3253 341 3336 854)
354 3266 459 3317 mortes
471 3255 569 3318 dicere
580 3274 671 3318 ausus
685 3262 742 3316 est:
765 3253 898 3315 imitator
918 3252 1006 3313 etiam
1018 3268 1098 3312 ncces
1111 3251 1148 3320 (v.
1163 3250 1248 3330 310).

103 3349 270 3416 Tasaccora
296 3373 364 3416 oum
394 3354 558 3418 accusativo
588 3353 787 3434 coniungebat
815 3353 862 3413 ille
886 3351 1004 3428 (Georg.
1022 3349 1149 3410 111270.
1177 3349 1247 3411 Aen.

102 3451 140 3513 lV
156 3451 227 3514 245.
250 3454 286 3515 Vl
302 3453 372 3515 671.
394 3453 527 3531 Χ265);
550 3454 598 3517 hic
620 3455 704 3515 aliter
728 3456 765 3523 (v.
782 3449 876 3526 214);
907 3468 964 3528 quo
989 3447 1093 3508 eodem
1114 3447 1180 3509 loco
1203 3456 1250 3509 est

103 3551 251 3630 egregium
277 3552 495 3627 illudentem,
524 3561 613 3634 atqua
641 3551 728 3614 etiam
755 3549 891 3611 lethaeae
917 3548 1013 3608 undae
1041 3564 1095 3626 pro
1123 3546 1246 3625 Stygiis:

102 3650 246 3729 suspicari
268 3660 369 3714 tamen
384 3653 480 3732 possis
495 3653 632 3715 sonuisse
648 3652 705 3713 boc
727 3648 846 3711 auribus
863 3645 1004 3708 Romanis
1024 3643 1107 3722 quasi
1130 3645 1248 3706 undae

102 3747 233 3812 letales
264 3751 330 3813 sine
360 3752 541 3814 accuratiore
570 3751 731 3813 fluminum
758 3746 963 3816 distinctione,
999 3743 1139 3824 quoniam
1170 3743 1247 3804 miro

102 3847 191 3909 modo
215 3849 358 3929 Vergilius
381 3851 443 3930 ipse
466 3849 584 3912 llesiodi
605 3847 716 3931 λήθην
741 3846 903 3928 (Theogon.
929 3844 1004 3920 227)
1034 3844 1122 3906 latine
1144 3845 1176 3906 in
1203 3846 1246 3906 le-

102 3953 166 4007 tum
196 3949 341 4010 convertit
364 3949 414 4010 Vll
437 3949 498 4009 277
528 3949 584 4025 (ol.
609 3948 646 4009 de
675 3948 729 4009 hac
758 3967 790 4008 re
821 3943 974 4005 Flachium
1004 3945 1129 4005 Hermae
1159 3953 1181 4004 t.
1205 3944 1248 4005 111

102 4047 301 4128 p.114sq.);
327 4048 422 4128 possit
442 4055 544 4110 tamen
566 4046 665 4126 ipsum
694 4046 791 4108 letales
813 4045 843 4106 in
867 4045 967 4124 Culice
991 4046 1179 4107 scribendum
1205 4045 1247 4104 vi-

103 4144 174 4205 deri.
219 4145 436 4209 Memorabilius
458 4148 514 4208 boc
537 4147 674 4208 dixerim:
698 4165 767 4208 nam
791 4164 859 4208 cum
883 4143 1057 4226 Propertius
1081 4142 1247 4222 scripsisset

64 4309 68 4313 ,
102 4241 303 4327 111,19sqq.

245 4345 311 4405 Non
334 4361 388 4423 ego
411 4342 531 4405 Titanas
555 4360 702 4416 canerem,
730 4360 792 4404 non
813 4341 908 4403 Ossan
935 4340 1060 4420 Olympo

287 4442 470 4524 impositam,
494 4450 529 4503 ut
550 4441 623 4504 caeli
643 4441 745 4503 Pelion
767 4449 846 4502 esset
868 4440 933 4514 iter,
