2924 5018
609 265 928 330 -134-‘

156 441 285 517 dicetur3
322 460 501 523 quamquam
535 462 573 504 ne
611 445 667 505 hcc
703 443 822 524 quidem
849 443 1060 517 confidentium
1090 460 1163 506 nam
1203 445 1304 524 ipsum

156 540 345 603 Aristotelem
367 561 384 602 a
408 541 502 603 Plinio
531 558 632 604 revera
658 543 766 605 lectum
802 560 863 604 non
897 560 976 616 esse,
1007 543 1061 604 sed
1081 542 1174 622 'l'rugi
1203 542 1305 624 potius

157 639 236 702 illam
257 641 495 721 compilationem
519 640 734 703 aristotelicam
763 642 788 702 si
811 642 860 704 cui
881 658 1067 721 persuasero,
1089 642 1164 703 huie
1184 643 1305 723 conpi-

79 806 84 813 ,
156 738 257 801 lationi
291 741 378 803 etiam
411 760 461 802 res
483 759 576 803 norae
603 741 673 802 hinc
693 741 774 803 illinc
796 741 929 821 quamvis
952 758 1063 821 paucae
1085 760 1100 802 a
1125 742 1229 822 Trogc
1253 744 1303 805 ad-

157 839 254 918 spergi
276 840 410 919 potuisse
433 840 600 902 credentur.

170 934 173 938 ’
242 938 445 1001 Amicitiamm
478 947 629 1020 praeterea
662 957 757 1000 unum
790 938 957 1019 exemplum
984 938 1097 1000 Plinius
1118 939 1151 1001 in
1167 944 1187 1016 d
1203 939 1250 1002 94
1271 941 1306 1003 de

158 1036 299 1098 concha
322 1046 353 1099 et
379 1039 531 1118 nauplio
559 1056 595 1100 ex
610 1038 745 1100 lluciano
767 1037 880 1118 promit
901 1037 999 1118 quode
1012 1037 1102 1100 aliurn
1118 1056 1306 1120 quemqnam

157 1135 287 1198 scribere
302 1154 363 1198 non
378 1136 446 1199 vidi.
476 1137 514 1198 at
525 1141 544 1212 ξ
554 1137 595 1200 98
611 1156 679 1199 ecce
694 1137 783 1198 etiam
799 1138 991 1217 pinoteres
1005 1145 1108 1201 noster
1120 1156 1306 1219 quamque·

158 1235 341 1297 multimodis
363 1243 514 1298 mutatus:
539 1237 706 1317 pinotheras
732 1247 852 1298 oocotar
875 1239 1011 1299 mr'm'mos
1036 1254 1073 1298 ιο
1097 1240 1181 1299 muni
1201 1256 1308 1318 ponere

158 1333 212 1413 (sc.
228 1335 424 1416 cancrorum)
447 1337 510 1397 ideo
532 1346 708 1416 ομγοινιοιιιι
726 1339 859 1398 ιἰιίκνιά.
889 1337 952 1398 doec
967 1334 1094 1398 sollertia
1108 1340 1308 1399 cst'laum'esr

160 1443 320 1498 ostreorum
347 1438 421 1497 testis
443 1452 471 1496 se
494 1436 614 1497 condere
635 1446 662 1496 et
683 1454 748 1496 com
771 1440 925 1498 accreverit
944 1438 1071 1515 κιίμνοτι
1085 1437 1116 1495 ta
1131 1438 1307 1515 capaciores

158 1533 262 1596 Efficta
293 1535 366 1596 haec
399 1534 537 1596 videntur
569 1534 716 1614 simulque
750 1532 798 1595 hic
829 1534 887 1596 illic
919 1533 1048 1615 permira
1080 1532 1245 1597 imuutata
1272 1552 1308 1596 cx

158 1633 342 1695 Aristotelico
363 1635 429 1695 loco
451 1652 482 1713 p.
502 1632 602 1694 547ss
624 1632 681 1694 25:
715 1624 901 1716 ἐμφύονται
931 1626 965 1694 δ’
995 1629 1040 1694 ἐν
1068 1628 1202 1706 ἐνίοις
1232 1632 1309 1696 τῶν

160 1718 500 1816 ὀστρακοδέρμων
530 1733 716 1815 καρκίνοι
747 1730 878 1807 λευκοί,
919 1729 955 1795 τὸ
983 1727 1124 1813 μέγεθος
1160 1726 1308 1816 μικροί

160 1826 348 1912 πάμπαν,
393 1830 546 1896 πλεῖστοι
587 1828 649 1914 μὲν
689 1829 723 1894 ἓν
759 1840 829 1905 τοϊς
863 1830 945 1911 procl
978 1840 1050 1915 τοῖς
1084 1826 1307 1907 comodere,

160 1927 278 1991 ἔπειτα
306 1929 362 1993 καὶ
392 1929 432 1995 ἒν
460 1938 555 2004 ταίς
597 1933 769 2003 πίνναις
807 1925 845 1992 oi
875 1926 1309 2011 καλούμενοιπινκο-

160 2029 289 2112 τῆραι.
402 2027 540 2113 αὔξησιν
564 2024 597 2091 δ’
628 2025 785 2111 οὐδεμίαν
801 2029 835 2109 (l)
862 2020 954 2092 οὗτοι
984 2025 1147 2112 ίπίδηίον
1173 2024 1310 2112 λαμβά-

160 2142 289 2193 νουσιν·
327 2127 411 2213 φασὶ
438 2124 469 2192 δ’
505 2124 635 2202 αὐτοὺς
654 2125 687 2192 οὐ
724 2125 832 2202 ἁλιεῖς
861 2122 931 2210 ἅμα
961 2128 1184 2206 συγγίνεσθαι
1214 2150 1310 2206 γινο-

158 2230 280 2311 μένοις.
325 2229 501 2292 Hariolando
528 2231 553 2292 si
580 2229 651 2309 quid
684 2229 872 2311 proficiamus
905 2235 1003 2290 natam
1036 2228 1158 2290 alteram
1194 2229 1309 2294 discre-

159 2329 292 2409 pantiam
314 2329 438 2391 dixerim
462 2348 495 2391 ex
518 2330 594 2391 varia
617 2328 743 2391 lectione
765 2327 950 2390 aristotelica
973 2327 1040 2390 hac:
1064 2322 1255 2408 ἐμφύονται
1275 2323 1308 2392 δ’

160 2421 197 2491 ἐν
239 2435 376 2500 κενοῖς
417 2427 481 2490 τῶν
525 2422 797 2512 ὀστρακοδέρμων
833 2428 885 2504 (sc.
924 2420 1108 2507 ὀστράκοις)
1152 2430 1308 2510 καρκίνοι

161 2524 271 2590 λευκοὶ
288 2546 350 2607 cqs.
395 2526 483 2589 Cuius
505 2528 639 2591 lectionis
661 2527 735 2588 fides
758 2526 914 2606 augebitur
935 2526 965 2587 ni
981 2525 1065 2589 fallor
1078 2525 1170 2587 altera
1195 2527 1306 2590 disce·

161 2626 262 2706 pantia
277 2625 436 2689 observata.
459 2627 535 2700 Quid
551 2623 654 2688 enim?
675 2625 797 2687 observa
813 2625 886 2687 milri
900 2625 949 2687 hic
964 2625 1044 2704 ipsos
1059 2624 1177 2687 codices
1194 2626 1309 2691 Aristo·

163 2724 229 2788 telis
252 2725 332 2787 inter
348 2744 380 2787 se
403 2744 486 2787 more
503 2727 592 2788 solito
611 2724 830 2805 discrepantes:
861 2724 963 2804 itaque
986 2738 1070 2785 error
1090 2723 1262 2805 scripturae
1282 2725 1312 2788 in

161 2824 244 2887 libris
266 2824 317 2904 qui
332 2844 399 2886 esse
414 2825 589 2887 credebatur
611 2820 750 2906 αὔξησιν
772 2817 805 2884 δ’
828 2816 991 2906 ἐπίδηλον
1008 2817 1168 2904 οὐδεμίαν
1193 2815 1313 2898 οὗτος

163 2921 392 3005 λαμβάνουσιν
413 2923 445 2984 is'
462 2923 606 2986 indicium
628 2924 690 2987 veri
712 2923 853 2995 continet,
877 2938 945 2984 cum
967 2921 1313 3002 excerptoria·violentia

164 3038 354 3102 compressus
374 3021 405 3082 in
428 3029 525 3083 artum
548 3039 585 3083 ex
605 3022 651 3083 his
675 3040 740 3083 esse
755 3021 902 3084 videatur:
929 3016 1068 3103 αὔξησιν
1088 3011 1125 3082 δ’
1147 3017 1314 3106 ἐπίδηλον

165 3115 325 3201 οὐδεμίαν
353 3116 465 3193 δντδς
487 3116 715 3203 λαμβάνουσιν
738 3118 793 3201 (εί
814 3119 865 3203 μή
890 3114 1232 3202 μετοικιζόμενοι
1256 3121 1314 3195 είς

165 3210 262 3293 τούς
298 3215 498 3302 pollices),
537 3239 611 3301 quae
648 3220 800 3300 aptissime
832 3218 1019 3302 excipientur
1053 3219 1112 3281 his:
1158 3219 1249 3302 pact
1277 3212 1313 3284 d'

166 3315 284 3394 αὐτοὺς
310 3315 342 3381 oi
369 3313 476 3394 ὐίιείς
500 3312 571 3402 ἅμα
591 3320 812 3397 συγγίνεσθαι
838 3319 1032 3401 γινομένοις.
1083 3311 1087 3320 '
1143 3324 1149 3335 ⁴

250 3419 307 3483 Sed
330 3438 364 3482 ea
387 3420 509 3500 qnoque
532 3421 570 3482 de
591 3420 726 3500 pinotera
748 3419 872 3493 Plinius,
897 3435 973 3497 quac
994 3415 1095 3480 Stoico
1116 3415 1182 3480 lere
1215 3419 1312 3501 plxilo·

167 3521 260 3602 sopho
283 3521 453 3601 placuerant
475 3517 587 3595 §142:

268 3620 446 3682 concharum
463 3618 577 3698 generis
600 3618 684 3698 pina
700 3625 752 3680 est.
792 3617 975 3679 Nascitur
996 3615 1035 3677 iu
1055 3613 1201 3678 limosis
1225 3618 1312 3680 sut-

268 3726 374 3779 recta
397 3735 525 3798 semper,
556 3734 807 3796 necunquam
830 3716 909 3778 sine
930 3714 1081 3789 comiter
1111 3732 1199 3795 quem
1223 3716 1313 3798 pino-

269 3816 372 3877 theren
387 3824 501 3888 vocant,
518 3813 565 3878 alii
585 3815 881 3897 pinophplacem,
904 3815 938 3877 id
954 3821 1009 3877 est
1025 3812 1164 3894 squilla
1186 3832 1311 3896 parra,

270 3912 387 3977 aliubi
410 3930 561 3990 cancer,
585 3914 668 3996 dapis
691 3914 866 3977 adsectator.
911 3914 1017 3977 Pandit
1038 3913 1161 3994 sepina
1189 3914 1310 3979 lumini·

270 4012 327 4077 bus
349 4014 456 4077 orbum
479 4032 585 4096 corpus
608 4015 689 4077 intus
712 4014 832 4076 minutis
854 4013 984 4095 piscibus
1006 4012 1158 4092 praebens.
1204 4014 1312 4078 adsul-

269 4122 335 4177 tant
357 4114 397 4176 illi
419 4113 555 4194 protinus
579 4123 607 4177 et
630 4113 681 4177 ubl
703 4113 819 4175 licentia
835 4112 954 4176 audacia
971 4112 1074 4185 crevit,
1095 4110 1312 4192 implentem.

271 4213 334 4276 lloc
355 4221 474 4294 tempus
491 4213 659 4294 speculatus
681 4212 771 4275 index
786 4229 889 4273 morsu
904 4210 960 4274 leri
974 4208 1130 4289 significat.
1162 4210 1215 4274 llla
1228 4230 1314 4277 ccm-

271 4312 421 4392 prehcnso
443 4312 586 4393 quidquid
608 4311 729 4375 inclusit
750 4311 899 4374 examinat
914 4306 1090 4391 partemque
1103 4309 1184 4372 socio
1198 4311 1313 4376 tribmt

173 4410 322 4475 Praeclare
363 4411 459 4494 prima
500 4410 621 4492 quidem
656 4411 848 4476 aristotelicis
885 4409 982 4472 verbis
1018 4409 1203 4491 respondent
1237 4430 1315 4494 quae
