2924 5018
621 240 845 307 „32-

163 419 234 484 haec
255 420 335 484 nasci
361 421 444 484 facile
465 419 602 501 potuitp
628 419 739 492 littere;
765 419 864 498 itaque
891 434 1049 495 agnoscere
1077 415 1187 479 videor
1215 433 1320 479 vocem

162 521 289 601 dompne
311 521 394 583 cuius
416 520 587 582 terminatio
609 539 649 580 ue
663 526 820 598 postquam
843 525 912 578 ante
934 526 1048 578 uetnrct
1068 534 1137 579 sese
1161 515 1319 591 subduxit,

161 618 315 698 indignum
337 619 408 681 illud
431 617 580 697 subrepsit
601 616 852 696 supplementum.
896 615 959 677 Hoc
981 613 1060 677 enim
1083 614 1205 707 cogito:

263 731 342 804 Quin
365 730 453 793 etiam
477 731 506 791 si
528 729 622 790 forte
646 728 737 790 alius
759 728 818 807 qui
842 728 970 789 damna
992 724 1137 788 notarit

261 829 341 891 blitis
363 830 523 890 luctantem
548 845 650 891 scarus
673 826 753 888 bunc
774 826 806 886 in
829 824 938 886 vimine
960 823 1048 900 vidit3

160 942 193 1001 in
215 939 324 1020 quibus
345 939 441 1019 possis
464 939 551 999 etiam
572 947 697 1000 uetaret.
741 935 872 999 Societas
900 940 946 997 est
971 933 1051 995 enim
1072 951 1238 997 scarorum
1259 954 1319 1018 pr·

161 1035 342 1120 tollitur.
385 1038 447 1098 lam
469 1036 617 1097 societatis
639 1035 712 1098 elius
733 1035 782 1096 hie
803 1052 906 1097 scarus
927 1032 1040 1095 notarit
1060 1032 1189 1095 damna:
1221 1052 1319 1099 unum

160 1138 244 1197 illum
267 1134 380 1196 abesse.

145 1284 148 1288 .
247 1234 412 1295 Certiorem
440 1234 530 1296 etiam
557 1233 593 1294 ael
620 1232 808 1312 insequentia
838 1231 982 1293 medelam
1013 1229 1176 1293 admovere
1200 1229 1317 1293 videor.

161 1332 216 1394 Ubi
238 1333 318 1413 quod
340 1332 463 1395 Heinsio
488 1333 627 1394 debetur:

261 1444 362 1506 Aversi
386 1443 508 1506 muriam
532 1460 636 1505 morsu
658 1449 739 1504 tenet
760 1449 849 1522 atque
870 1440 921 1501 lite
938 1484 945 1500 .
962 1485 994 1501 ..

261 1541 371 1603 Liber
390 1548 507 1603 serrato
530 1559 619 1620 quem
641 1541 715 1602 terit
738 1539 800 1601 cive
822 1539 955 1617 resultat,

159 1656 218 1715 cicc
239 1652 376 1715 restituto
398 1654 581 1733 praeclarum
605 1660 663 1726 est,
692 1660 823 1713 ceterum
850 1651 973 1725 falsum3
1000 1666 1039 1710 an
1062 1666 1124 1711 non
1146 1649 1311 1714 ridiculum

159 1759 262 1832 putem
285 1752 472 1813 liberatorem
489 1751 526 1812 de
549 1770 608 1831 quo
631 1750 689 1813 iam
705 1758 803 1812 actum
818 1767 872 1829 per
893 1755 954 1810 tres
970 1766 1071 1810 versus
1093 1754 1140 1810 est
1155 1767 1312 1831 quemque

159 1868 226 1912 esse
248 1850 373 1911 liberum
388 1868 490 1930 perse
506 1856 594 1928 patet,
618 1866 699 1910 nunc
714 1849 836 1909 demum
851 1865 914 1909 non
930 1847 1023 1909 fuisse
1045 1847 1101 1910 dici
1123 1847 1156 1908 in
1171 1844 1312 1911 vimine?

160 1967 259 2027 neque
286 1949 357 2008 adeo
383 1947 551 2025 germanior
578 1947 651 2008 verti
679 1947 763 2007 licet:
798 1947 851 2007 der
878 1944 1101 2026 (bekanntlich)
1129 1945 1223 2018 bele,
1257 1947 1309 2009 scil

159 2046 284 2107 rectius:
301 2047 342 2106 els
358 2045 406 2105 cin
423 2045 511 2106 freier
522 2045 609 2124 prallt
622 2065 655 2106 er
666 2044 804 2116 rurueclr,
820 2044 903 2125 quasi
918 2044 944 2105 is
960 2043 1010 2123 qui
1020 2044 1143 2105 resultet
1153 2044 1308 2108 liberetur.

159 2144 239 2217 Quin
261 2143 350 2205 etiam
374 2143 472 2206 omnis
494 2143 644 2205 reicienda
660 2143 828 2206 coniectura
845 2159 1019 2223 quacunque
1041 2142 1175 2222 tangitur
1197 2144 1309 2221 modus

160 2242 367 2304 coniunctirus
399 2243 515 2304 recubet
548 2242 600 2322 qui
634 2242 704 2303 oriri
743 2241 925 2320 neglegentia
963 2241 1010 2302 vix
1042 2232 1168 2321 peterat.
1218 2243 1309 2317 Quod

158 2360 229 2402 vero
252 2341 383 2403 Riesius:
411 2344 494 2402 tituto
520 2340 641 2403 Verbere
663 2351 776 2402 servolo
796 2358 857 2419 eqs.
887 2338 1110 2419 reprobemus
1139 2338 1229 2403 etiarn
1259 2358 1309 2419 res

158 2447 246 2501 vetat
291 2441 350 2500 lam
379 2449 438 2519 quc
465 2437 536 2499 illud
560 2439 649 2500 etiem
670 2435 744 2500 lito?
771 2438 936 2518 pertinebat
963 2437 1041 2500 haud
1068 2438 1156 2500 dubie
1178 2439 1216 2515 etl
1238 2457 1310 2518 gra-

158 2536 308 2599 vissimam
331 2537 477 2598 actionem
501 2537 530 2598 id
554 2537 633 2616 quod
657 2554 761 2615 graece
784 2537 890 2598 dicitur
917 2534 1084 2619 ἐξείρυσσε
1106 2542 1136 2613 pt
1156 2533 1308 2615 liecurt,

158 2636 236 2713 quod
260 2634 374 2695 Plinius
395 2635 565 2698 transcribit
592 2636 731 2697 adiuvere
752 2639 833 2697 uisus
865 2639 1051 2716 erumpentum
1084 2630 1191 2715 quodsi
1223 2644 1310 2711 recte

158 2733 271 2803 conicio
293 2752 393 2795 morsu
414 2744 487 2796 tecet
510 2744 592 2815 etque
615 2734 732 2803 lucessit,
754 2733 870 2795 litterae
891 2734 1026 2796 turbatae
1047 2740 1119 2795 sunt
1141 2740 1175 2795 ut
1197 2752 1226 2795 r.
1243 2732 1308 2797 127

152 2849 259 2909 puscuc
281 2832 317 2892 de
340 2851 399 2910 quo
421 2831 498 2893 infra
514 2832 658 2905 dicemus;
681 2831 748 2892 ideo
767 2831 842 2893 Uber
857 2833 925 2912 quia
943 2851 997 2913 pro
1019 2830 1067 2893 illo
1089 2830 1208 2893 resultet
1230 2850 1308 2895 con-

156 2928 287 2990 iunctivo
310 2929 481 2990 coniunctio
510 2929 605 3008 alique
628 2929 720 2991 fuerit
749 2938 879 3012 oportet,
909 2931 1019 2992 nullam
1048 2928 1208 2993 lectionem
1231 2949 1309 2995 con-

156 3025 297 3087 fidentius
319 3027 406 3106 posui
429 3044 519 3106 quam
542 3027 633 3087 henc:
1203 3054 1206 3059 ·

401 3141 524 3201 caudam
548 3158 651 3202 morsu
673 3147 755 3202 tenet
777 3149 865 3219 etque
887 3142 1013 3217 lacessit,

257 3237 358 3315 Donec
377 3246 493 3300 servato
516 3257 605 3319 quem
628 3238 699 3300 texit
722 3239 784 3301 cire
807 3240 941 3302 resultet.

156 3349 305 3431 Scriptum
327 3349 420 3413 fuisse
442 3350 516 3413 Dcec
538 3350 717 3412 sumendum
748 3357 794 3412 est
821 3358 909 3431 atque
940 3351 1010 3412 hinc
1036 3351 1067 3412 in
1095 3348 1306 3429 langobardie·

155 3449 300 3528 scriptura
316 3488 319 3493 ·
333 3449 414 3511 nasci
447 3449 585 3512 facillime
607 3448 623 3510 b
645 3449 742 3511 littera
764 3452 895 3529 poteret,
928 3449 960 3511 in
994 3468 1052 3530 qua
1084 3449 1168 3512 basta
1191 3450 1305 3515 directe

154 3547 275 3608 tenuior
309 3555 353 3608 est
385 3557 594 3630 comparetque
625 3549 717 3627 magis
745 3566 872 3628 usupra
906 3566 994 3627 qnam
1027 3548 1138 3628 virgula
1170 3556 1219 3611 est
1252 3549 1306 3611 ubi

155 3642 280 3704 addetur
301 3644 416 3718 librate,
438 3647 478 3707 ita
500 3647 579 3709 lere:
603 3656 627 3709 c.
665 3647 741 3707 blele
763 3654 862 3708 autem
886 3650 957 3709 tcut't
978 3647 1023 3708 rel
1043 3650 1172 3727 proterit
1193 3645 1305 3711 dicitur

154 3757 209 3820 pro
232 3740 355 3812 adauctu
389 3749 492 3803 temen
525 3747 615 3805 traicit
646 3744 829 3805 substituere
862 3745 894 3805 in
922 3745 981 3805 isto
1007 3745 1152 3826 scriptore
1178 3744 1304 3823 heereo3

154 3857 210 3899 nec
225 3837 325 3899 minus
341 3839 461 3901 audacis
482 3839 514 3901 in
530 3860 556 3900 r.
574 3841 613 3901 14
635 3840 706 3903 illud
729 3841 909 3923 subsequitur
930 3851 977 3904 est
999 3844 1079 3924 qued
1102 3843 1303 3923 interpretor:

154 3956 186 3999 se
207 3936 356 4000 subtrahit
377 3954 505 4018 sequens
528 3940 649 4002 caudam
672 3958 778 4002 suamr

698 4145 759 4207 llll.

239 4258 370 4338 Contigit
388 4256 475 4320 nohis
494 4258 525 4319 iu
542 4260 695 4340 scriptoris
709 4260 792 4323 latini
806 4260 844 4322 de
857 4276 890 4321 re
905 4259 1062 4341 piscatoria
1077 4261 1302 4342 inqtrirentibur

153 4357 364 4435 experientiam
374 4395 377 4402 -
386 4366 420 4419 ut
440 4358 611 4420 vetustioris
624 4360 755 4435 ,alicuius
768 4359 923 4439 scriptoris
940 4360 977 4421 de
991 4360 1117 4441 piscium
1140 4360 1301 4425 ealliditate
