2924 5018
606 306 845 372 -193-

157 485 227 547 illud
257 492 388 547 metrum
411 484 563 547 rarissime
596 483 832 565 deprehenditur
864 484 991 565 explico:
1027 484 1070 548 sic
1102 481 1181 544 enim
1213 490 1298 562 poeta

155 584 299 647 austerior
314 584 398 667 quasi
420 591 509 665 alque
531 583 679 646 horridior
700 583 820 645 inruere
841 582 872 644 in
894 582 1048 646 inimicum
1071 582 1190 646 lividum
1215 582 1297 645 vide-

156 683 252 745 batur.
291 683 385 746 Simul
407 693 506 749 autem
530 684 756 767 tripartitionem
772 682 859 745 metri
874 681 984 744 heroici
1008 681 1132 745 alienam
1156 703 1170 745 a
1193 700 1297 763 graeco

157 782 325 846 Callimachi
341 784 476 864 exemplo
492 783 612 847 viderat.
649 783 758 846 Eadem
775 790 837 844 arto
852 789 985 844 austeras
1007 781 1039 844 in
1055 781 1167 845 Catullo
1183 781 1299 854 Parcas,

156 882 295 946 amabiles
329 903 399 946 vero
422 883 583 965 Hymenaei
605 890 771 947 cantatores
794 901 862 945 esse
886 882 1073 945 observatum
1107 891 1167 959 est,
1202 881 1298 945 simile

157 983 193 1045 de
210 983 339 1046 Senecae
355 983 533 1048 hexametris
549 983 684 1066 quamvis
699 981 831 1065 pauculis
847 982 865 1044 1.
882 981 901 1043 Ι.
916 1001 946 1064 p.
963 982 1003 1044 65
1020 981 1089 1044 adn.
1106 981 1136 1045 2.
1167 980 1299 1062 lienique

157 1082 245 1144 etiam
266 1082 389 1163 singulis
422 1083 492 1146 locis
515 1093 618 1165 poetas
652 1090 703 1146 aut
734 1084 769 1146 ad
792 1100 857 1145 rem
880 1098 954 1144 sono
976 1080 1179 1145 illustrandam
1203 1091 1252 1144 aut
1275 1079 1300 1140 si

158 1181 229 1260 quid
251 1181 329 1244 aliud
353 1181 494 1246 invitabat
517 1182 562 1245 bis
585 1182 722 1246 incidisse
744 1201 863 1245 versum
893 1181 1004 1256 sentio,
1033 1181 1113 1263 quod
1140 1188 1239 1243 tamen
1269 1179 1300 1242 in

158 1280 221 1362 ipsa
253 1281 378 1344 lectione
410 1282 522 1346 facilius
554 1282 767 1346 auscultabitur
798 1300 886 1362 quam
924 1281 1132 1363 disputationis
1166 1281 1301 1361 angustis

158 1379 265 1442 finibus
288 1380 478 1444 describatur.
524 1382 678 1463 singulare
701 1392 800 1444 autem
829 1380 918 1443 huius
945 1380 989 1443 rei
1017 1381 1186 1462 exemplum
1206 1397 1300 1443 unum

158 1496 221 1540 non
243 1497 409 1544 memorare
430 1498 490 1543 non
513 1500 653 1562 possum:
688 1482 798 1543 hetnae
832 1479 913 1543 enim
946 1479 1074 1561 scriptor
1104 1481 1140 1543 ad
1174 1481 1300 1543 sormam

159 1578 275 1641 tertiam
298 1579 419 1642 formari
442 1574 481 1643 et'
492 1580 623 1662 primum
646 1580 785 1643 carminis
801 1599 919 1642 vorsum
934 1579 1088 1642 constituit
1111 1587 1140 1642 et
1162 1579 1301 1642 ultimum

159 1675 263 1754 (646):
294 1687 324 1741 at
347 1697 416 1740 vero
440 1687 469 1741 et
488 1679 617 1760 primum
640 1679 724 1742 illum
747 1678 974 1759 semiquinariae
997 1697 1097 1741 merae
1119 1696 1182 1741 non
1204 1678 1302 1741 minus

159 1775 200 1836 54
216 1776 366 1857 excipiunt
388 1777 427 1852 (v.
444 1778 485 1840 56
500 1776 522 1839 ΙΙ
538 1778 590 1855 ΙΙΙ)
614 1785 643 1840 et
667 1778 770 1841 ultimo
794 1777 1019 1858 semiquinariae
1033 1778 1138 1841 saltem
1155 1777 1193 1845 17
1218 1785 1301 1840 ante·

160 1873 270 1936 cedunt
292 1877 331 1954 (v.
348 1875 410 1938 628
426 1884 454 1938 et
470 1875 531 1938 625
547 1877 570 1938 F
588 1876 639 1954 ΙΙΙ)
655 1896 722 1939 cum
737 1877 900 1958 septimum
915 1895 1064 1958 quemque
1080 1894 1200 1939 versum
1216 1882 1302 1958 poeta

160 1971 208 2033 hic
229 1971 274 2034 bis
296 1974 426 2038 incidere
437 1974 545 2037 ¹solitus
568 1975 614 2037 sit.
652 1976 754 2056 ltaque
769 1976 844 2038 hauc
859 1976 907 2037 ille
923 1979 1048 2038 formam
1073 1985 1101 2038 et
1124 1974 1305 2056 praelusioni

84 2067 87 2072 ’
162 2080 191 2133 et
213 2071 303 2137 exitui
326 2073 496 2137 decorandis
519 2073 606 2137 docte
629 2074 740 2154 selegit.

244 2171 399 2234 Lectiones
416 2173 572 2238 Ovidianas
594 2193 630 2236 ex
652 2173 774 2238 metrica
794 2174 908 2238 ratione
931 2173 1059 2236 iudicare
1083 2192 1143 2236 non
1165 2192 1303 2255 propero.

161 2269 223 2332 Nisi
246 2271 326 2352 quod
348 2272 378 2334 iu
403 2273 513 2353 volgata
537 2272 624 2335 hodie
646 2272 792 2354 scriptura
815 2273 883 2336 blot.
899 2272 949 2336 llll
965 2272 1042 2335 225:

262 2398 299 2459 m
321 2417 394 2479 quas
417 2398 491 2463 Ossa
515 2400 589 2473 tulit,
613 2419 687 2482 quas
709 2400 800 2465 altum
825 2399 928 2462 Polion
950 2399 1056 2463 herbas

261 2496 368 2580 Othrys
391 2517 465 2579 quas
487 2498 658 2581 Pindusque
680 2507 709 2562 et
731 2498 825 2562 Pindo
849 2490 945 2563 maior
966 2498 1108 2582 Olympus

162 2627 231 2689 PPS
252 2626 378 2691 inlatum
401 2645 417 2689 a
439 2635 524 2709 poeta
553 2646 691 2709 perverso
724 2628 884 2693 verborum
918 2628 1024 2692 ordine
1046 2647 1111 2692 esse
1132 2663 1172 2673 -
1196 2628 1306 2691 scilicet

163 2735 192 2789 et
214 2735 330 2809 poterat
352 2734 383 2789 ct
405 2745 459 2809 par
481 2735 544 2791 erat
564 2727 696 2791 scribere
717 2726 798 2801 Quos
820 2727 927 2809 Othrya
948 2727 1110 2809 Pindusque
1133 2762 1174 2772 -
1196 2728 1306 2791 lrustra

162 2826 235 2889 mihi
267 2828 444 2909 persuadere
476 2826 591 2900 laboro;
624 2827 675 2890 sed
707 2828 752 2889 vel
774 2827 972 2892 Laurentiano
1004 2826 1081 2890 libro
1113 2827 1146 2890 in
1180 2846 1240 2909 quo
1263 2835 1307 2890 est

164 2925 321 3009 Othrysque
341 2937 368 2989 et
389 2927 553 3008 Pindusque
574 2925 611 2989 ad
634 2927 791 3008 genuinam
815 2929 959 2993 leoionem
982 2927 1051 2990 duci
1073 2926 1201 3008 poteris:

262 3040 431 3122 Othrysque
453 3039 626 3120 Pindusque
649 3045 679 3102 et
701 3038 796 3102 Pindo
819 3041 913 3103 maior
936 3039 1096 3122 Olympus3

163 3151 279 3231 qualem
302 3152 472 3216 violentiam
496 3152 647 3215 metricam
678 3151 749 3215 satis
779 3160 892 3232 gratam
915 3172 980 3216 eam
1003 3151 1113 3215 Nasoni
1134 3150 1308 3234 praesertim

164 3248 283 3314 nomina
314 3254 487 3335 appellativa
510 3250 702 3334 componenti
730 3251 840 3315 librarii
862 3252 1040 3316 difficiliores
1062 3251 1228 3315 leniendam
1251 3269 1307 3331 pu-

164 3348 264 3411 tabant
286 3357 337 3412 aut
351 3370 403 3432 que
425 3351 542 3434 inques
558 3358 706 3414 mutantes
720 3359 773 3415 aut
795 3352 977 3415 inculcantes
1000 3364 1026 3417 et
1047 3351 1133 3415 tertio
1156 3349 1306 3431 semipedi.

164 3451 201 3510 ht
222 3465 324 3511 verum
340 3456 371 3512 et
384 3451 472 3514 honis
492 3450 572 3514 libris
588 3452 722 3513 lirmatur
739 3458 768 3512 et
783 3470 798 3513 a
816 3449 903 3514 bonis
923 3449 1087 3514 editoribus
1104 3450 1235 3532 agnitum
1253 3456 1308 3512 est.

249 3548 335 3622 Quod
359 3567 428 3613 voro
450 3552 544 3614 semel
566 3551 659 3614 delevi
682 3551 751 3613 PPs
774 3550 806 3613 in
830 3549 986 3613 Amoribus
1010 3550 1036 3613 ll
1054 3549 1139 3624 luo
1162 3549 1217 3613 ita:

265 3680 424 3745 Errantem
446 3688 480 3743 ut
501 3680 597 3745 ventis
621 3681 806 3746 discordibus
829 3688 893 3744 aeta
914 3680 1051 3762 phaselos

305 3778 523 3861 Dividuumque
545 3789 649 3845 tenent
672 3781 747 3845 alter
769 3788 799 3843 et
821 3781 896 3843 alter
912 3797 1006 3851 amor,

165 3910 380 3974 nominativum
403 3910 486 3987 illum
507 3922 541 3976 ut
562 3922 627 3974 octo
636 3912 770 3994 phaselos
784 3911 883 3975 minus
899 3915 1085 3992 expectatum
1099 3907 1170 3973 inici
1186 3928 1311 3972 moneor

164 4011 275 4093 quippe
298 4010 334 4073 ad
348 4029 437 4091 quem
453 4021 533 4074 mot
545 4010 664 4075 difficile
685 4012 721 4076 ad
744 4010 941 4092 supplendum
963 4010 1011 4080 sit,
1033 4026 1100 4071 cum
1124 4015 1225 4070 tamen
1247 4028 1309 4071 non

165 4110 336 4193 explicatius
351 4130 378 4173 e.
394 4127 421 4190 g.
445 4111 477 4173 in
490 4112 553 4173 hrt.
568 4110 634 4173 hm.
650 4109 691 4172 ΙΙΙ
707 4110 768 4174 783
790 4112 925 4174 locutum
946 4115 1065 4193 poetam
1088 4125 1153 4170 esse
1177 4107 1308 4171 videam:

264 4224 324 4287 Nec
345 4222 400 4287 tibi
422 4231 511 4306 turpe
532 4229 603 4305 puta
626 4221 748 4297 crinem,
772 4230 805 4285 ut
826 4222 954 4305 Phylleia
977 4229 1081 4296 mator,

307 4324 430 4387 Solvere
452 4331 482 4387 at
504 4322 603 4387 ellmis
626 4320 698 4385 colla
721 4321 840 4384 reflecte
861 4322 970 4384 comis:

166 4448 222 4510 hoc
255 4457 300 4510 est
333 4450 427 4514 enim:
461 4461 495 4514 ut
526 4449 609 4513 soluit
632 4456 727 4510 muer
748 4446 886 4527 Phylleto.
931 4449 1028 4528 htque
1062 4445 1185 4509 evolutis
1221 4445 1309 4507 modo

219 4549 299 4599 Birt,
313 4547 343 4593 de
357 4549 499 4596 halieutiois.
1118 4549 1150 4604 13
