2924 5018
628 282 869 362 ..173-

179 455 284 516 srnaris
306 455 436 519 lominus.
479 456 554 520 ilinc
575 464 673 520 autem
697 476 786 537 porro
806 458 968 538 explicatur
988 458 1059 539 quid
1082 460 1122 522 sit
1143 461 1222 524 illnd
1247 464 1331 543 quod

177 554 338 634 Hesychius
354 553 456 619 scribit
475 550 648 638 λαριοατοκ
669 553 800 640 κύρτον·
823 553 855 619 oi
879 552 986 630 altitu
1004 555 1062 621 τὸν
1082 555 1121 621 ἐκ
1140 555 1333 644 Reduci

176 654 294 733 perum
317 654 427 734 quippe
450 649 568 737 κύρτον
582 655 711 719 eundern
727 654 879 736 Oppianus
895 675 1013 737 quoqne
1027 657 1091 719 loco
1114 657 1186 737 ipso
1211 659 1264 739 qui
1286 660 1331 723 de

176 752 268 815 larino
292 764 338 816 est
361 764 389 817 et
411 755 520 835 cogitat
541 760 571 815 et
591 754 658 817 lusa
681 753 839 827 describit,
863 755 932 835 qnia
954 743 1004 818 ille'
1023 775 1081 835 quo
1103 755 1327 836 pisciculorum

175 850 359 915 minutorum
382 873 489 934 inagna
506 854 589 941 copia
607 854 738 934 capiatur
760 862 790 917 et
811 872 936 933 magnus
958 853 1081 917 debebat
1103 873 1172 917 esse
1195 864 1228 917 et
1248 857 1329 919 snb-

174 947 265 1011 tiliter
293 969 396 1015 nexus.
439 954 477 1015 Et
506 955 562 1014 boc
588 953 707 1033 quidem
730 962 831 1015 contra
853 953 995 1017 Schmidti
1025 952 1255 1015 adnotationem
1285 956 1326 1017 nd

172 1046 298 1130 Hespcbi
321 1046 454 1133 λάρικος
475 1053 657 1132 disputatum
680 1060 734 1115 est
1153 1118 1158 1125 .

257 1148 317 1210 lana
340 1150 413 1214 baec
434 1161 609 1233 sequantur:
636 1152 795 1232 'collyris
818 1151 908 1229 (varia
924 1149 1010 1213 lectio
1030 1147 1156 1227 antipam,
1179 1150 1324 1231 uum)

171 1246 369 1310 asellorum
403 1251 548 1329 generis
576 1251 611 1312 ni
639 1251 754 1313 minor
774 1256 894 1323 esset3
928 1245 1076 1327 xoliopic
1098 1265 1202 1327 neque
1226 1250 1322 1331 piscis

171 1345 322 1407 dicebatur
353 1367 449 1430 neque
482 1351 525 1411 vel
559 1368 613 1430 pro
645 1368 722 1430 pane
762 1348 818 1409 nisi
855 1348 925 1408 locis
957 1346 1173 1409 abiectioribns
1201 1347 1320 1413 dimum

168 1445 307 1507 cernitur.
352 1449 395 1510 Ne
428 1459 528 1511 tamen
560 1449 719 1511 subvenias
752 1447 935 1526 corruptelae
969 1445 1154 1525 Hespcbisno
1189 1447 1320 1509 nomine

169 1541 313 1623 κίρολοςς
346 1565 414 1608 narn
437 1548 501 1629 ipse
530 1548 705 1610 callariae
727 1546 844 1626 agnitus
867 1545 925 1609 iam
947 1564 963 1607 a
986 1545 1119 1607 Gesnero
1141 1553 1201 1607 est.
1250 1547 1318 1621 Qua

168 1641 204 1703 de
226 1644 388 1724 scriptione
410 1655 445 1709 ut
466 1665 504 1708 na
525 1647 602 1709 lorte
623 1647 654 1708 in
676 1644 859 1708 dubitatione
881 1643 1022 1723 persistas
1044 1643 1109 1705 ride
1127 1642 1316 1722 Hesycbinm

168 1744 315 1820 praeclare
348 1747 586 1827 conspirantem:
623 1742 782 1826 γαλαρίας
820 1739 935 1820 ἰχθύς,
969 1737 989 1805 o‘
1020 1736 1208 1813 ὀνίσκος,
1244 1761 1312 1805 111111

167 1850 265 1903 tamen
288 1844 375 1905 etiarn
398 1846 519 1907 tenuior
542 1844 674 1908 nominis
700 1861 793 1905 sonus
816 1840 961 1921 Hesychio
989 1840 1065 1901 bene
1091 1847 1180 1901 notus
1206 1839 1312 1902 laxent:

165 1936 314 2024 λαζίνης·
351 1941 546 2026 χαραδρίας·
584 1941 762 2023 solicolae
795 1937 903 2020 ἰχθύς.
958 1939 1071 2005 Plinius
1092 1937 1180 1999 etiam
1205 1937 1249 1998 ΙΧ
1270 1938 1309 1999 61

165 2039 262 2113 (cuins
286 2041 342 2102 loci
366 2042 498 2105 doctrina
520 2043 637 2117 eadem,
671 2060 727 2104 nee
759 2049 857 2103 tannen
891 2040 966 2102 alter
1000 2057 1034 2098 ex
1067 2037 1158 2099 altero
1190 2036 1312 2123 boxin:

165 2137 319 2200 culleum
351 2141 407 2202 duo
439 2160 553 2222 penno,
587 2141 682 2203 collisi
708 2139 767 2215 (vel
792 2138 902 2217 collina)
929 2139 1063 2199 moret
1101 2135 1149 2199 ,tu
1182 2134 1309 2214 quidem

165 2235 245 2308 libri3
278 2239 359 2319 atqui
392 2240 499 2302 mutari
522 2259 624 2319 graeca
647 2258 698 2302 ore
728 2240 929 2301 Romanorum
958 2253 1028 2297 sane
1061 2240 1210 2314 poteraut,
1247 2253 1309 2297 non

165 2345 281 2414 poterat
303 2339 391 2400 simul
407 2341 514 2402 collirts
527 2339 694 2419 singularis,
715 2338 804 2399 simul
819 2336 914 2399 collita·
926 2333 1045 2414 pluralis
1060 2331 1169 2395 efferri.
1202 2331 1308 2413 ltaque

164 2433 302 2496 collon'oe
323 2437 354 2497 in
377 2438 452 2500 libro
474 2457 555 2500 nono
576 2439 651 2500 duce
673 2437 862 2499 Riccerdiano
884 2435 960 2497 libro
981 2431 1198 2495 nstituendom
1225 2441 1280 2495 est

249 2533 375 2615 Leprie
408 2555 518 2599 nomen
552 2536 737 2598 [letielsenns
770 2535 904 2616 reposuit
939 2530 1071 2613 quamuis
1103 2548 1216 2593 nomen
1250 2530 1306 2593 boc

164 2632 299 2710 aquatilis
334 2654 394 2697 non
428 2656 494 2698 esse
530 2636 673 2699 monitos.
727 2635 760 2696 ln
792 2633 1003 2712 Bambergensi
1037 2631 1116 2693 iuxta
1149 2638 1307 2708 posumus

162 2730 281 2793 lucerua
309 2733 416 2813 clepus,
451 2736 480 2796 in
514 2736 636 2816 reliquis
670 2735 787 2796 lucem
814 2734 900 2813 leptis
926 2729 1097 2811 (Vossianus
1124 2726 1258 2807 imm),
1290 2748 1305 2789 1

162 2829 273 2908 Silligio
305 2849 376 2893 sana
405 2834 518 2895 ratione
552 2836 685 2897 inerant
715 2835 800 2912 lepor,
839 2849 937 2911 nequo
969 2829 1050 2891 enim
1082 2826 1213 2891 alienum
1250 2828 1306 2889 boc

162 2936 333 2990 ostrearum·
350 2949 444 3008 genus
466 2943 512 2995 est
534 2933 569 2994 ab
593 2932 688 2996 indice
711 2942 824 2994 nostro.
862 2930 975 2993 Tamen
997 2923 1107 3006 requiri
1128 2942 1190 3005 quo
1212 2925 1304 2991 auen

161 3024 248 3105 leprae
276 3027 361 3089 lectio
395 3030 603 3110 explanaretur
632 3032 720 3092 lanus
753 3028 903 3110 perspexit
934 3025 1085 3105 ediditque
1119 3022 1302 3089 rectissime:

161 3124 278 3188 lucerne
299 3126 421 3208 utapro.
465 3129 507 3192 Ita
532 3131 612 3192 enim
635 3129 812 3211 Hesychius:
847 3122 999 3206 λελεπρὶς
1033 3119 1133 3203 ἰχθὺς
1158 3116 1302 3205 notrici

161 3222 344 3309 καλουμένη
368 3230 475 3310 φυκίς.
544 3280 548 3287 ,

245 3325 349 3406 Neque
381 3327 466 3390 aliter
498 3329 644 3409 agendum
679 3346 746 3389 esse
775 3327 811 3387 de
834 3323 1004 3389 nominibus
1025 3318 1153 3383 arbitror
1174 3337 1303 3401 corrup·

158 3423 273 3484 tissime
306 3425 420 3487 traditis
452 3428 504 3489 sed
532 3428 564 3488 in
587 3427 794 3505 bambergensi
825 3426 900 3487 libro
923 3418 1104 3502 planioribus
1126 3416 1193 3478 his:
1222 3417 1303 3481 solos

158 3525 286 3583 orsoenos
306 3525 484 3602 cambden
506 3527 584 3588 unde
607 3526 688 3587 enim
711 3524 787 3587 solor
808 3523 887 3587 nasci
909 3519 1041 3602 potuerit
1055 3516 1223 3581 videndum
1244 3526 1299 3579 est.

158 3617 286 3680 Obvenit
301 3621 500 3701 Hesychianus
516 3617 644 3702 σάλογξ
667 3611 765 3703 spada
786 3616 933 3704 ἀγαθός
954 3619 1053 3699 itaque
1067 3613 1301 3696 probabiliorem

158 3727 239 3778 certe
255 3721 468 3783 correctionem
481 3724 535 3785 bac
549 3742 615 3784 mea
631 3725 702 3804 fingi
715 3725 760 3786 vix
771 3722 896 3804 poterit:
918 3718 1015 3782 euno.
1026 3719 1147 3778 salomo.
1158 3712 1300 3777 οοίκοοκο.

157 3817 242 3896 Apud
254 3817 679 3902 Hesychiunaantontquo'iure
690 3810 1300 3903 lalsoseriptnrncira-9134‘’Slllslillmllflio

157 3917 251 3977 vistim
275 3917 398 3978 sitnon
431 3938 592 4001 assequor3
626 3931 706 3983 certe
738 3923 847 3984 ibidem
880 3919 916 3982 ad
947 3914 1057 3995 ἐχῖνοι
1083 3911 1229 3991 scriptum
1251 3921 1301 3975 est

159 4009 241 4085 ζῶον
263 4013 454 4079 θαλάσσιον
475 4016 685 4101 ἐδώδιμον,
707 4023 743 4083 ad
764 4012 880 4100 λύχνος
902 4018 973 4080 item
991 4009 1089 4091 ἰχθὺς
1111 4007 1299 4087 annom.

156 4113 186 4173 in
210 4116 341 4194 catalogo
364 4115 440 4183 Plini
462 4119 497 4178 ad
520 4119 665 4181 citharam
688 4121 872 4183 claudorum
890 4117 1006 4198 pencris·
1020 4112 1169 4195 possm

241 4214 299 4275 lorn
334 4233 404 4276 vero
437 4215 501 4276 vide
533 4218 683 4280 audaciam
721 4238 834 4294 meam;
870 4231 993 4297 prorsns
1030 4225 1143 4273 noxum·
1174 4207 1298 4289 aliquod

155 4327 265 4372 nornen
282 4312 336 4373 tibi
352 4312 498 4391 eflingam.
522 4314 594 4376 Nam
608 4318 739 4397 pepn'des
753 4325 832 4378 certe
847 4316 917 4377 illud
935 4314 995 4387 inl
1009 4308 1067 4370 150
1083 4305 1298 4369 1111θωί11111

155 4411 279 4471 omnino
308 4419 339 4472 et
363 4411 567 4493 inexplicabile
588 4416 750 4493 genuinum
773 4424 877 4496 putare
899 4414 965 4495 quis
989 4419 1120 4475 mentem
1146 4401 1296 4471 inducat?
