2924 5018
617 255 839 322 ..83-

155 442 313 498 tractatum
337 434 541 516 detegeremus
563 435 646 496 ouius
668 434 731 514 ipsa
753 432 968 496 sententiarum
991 431 1187 495 conformatio
1210 436 1299 513 atque

155 533 220 612 ipsa
235 535 313 596 haud
329 552 396 596 raro
418 534 507 596 etiam
530 534 616 596 verba
638 543 751 597 servata
766 533 893 596 fideliter
913 551 978 594 csse
994 531 1178 594 videbantur.
1210 532 1302 595 Stilus

155 633 267 714 ubique
297 634 376 695 idem
405 651 495 713 quem
523 633 641 704 dicunt,
671 633 752 694 idem
783 633 894 714 uhique
921 630 1087 694 consilium.
1132 631 1302 712 Numquis

155 729 248 792 luerit
266 732 344 793 scire
367 733 450 793 cordi
472 732 525 793 tihi
548 732 587 794 sit
608 733 719 795 nescio.
758 733 844 794 Certe
866 732 995 795 cundem
1017 731 1067 792 hio
1087 731 1146 792 illic
1166 729 1303 792 helianus

156 847 277 909 quoque
298 838 417 891 secutus
439 839 486 892 est
501 849 599 911 neque
622 849 692 893 casu
706 830 846 892 helianus
870 837 899 891 et
915 829 1082 892 anthiarum
1106 838 1135 891 et
1151 846 1303 893 scarorum

156 926 348 988 humanitatis
371 928 503 1007 exempla
526 962 569 972 --
589 929 678 991 modo
701 930 745 992 las
767 929 807 992 sit
828 929 957 997 humana
972 929 1009 990 de
1024 927 1156 1008 piscibus
1178 962 1220 972 —-
1242 947 1303 990 uno

156 1024 254 1104 capite
274 1026 446 1105 complexus
470 1037 516 1088 est
529 1027 574 1088 14
597 1036 627 1089 et
642 1028 677 1090 de
691 1027 782 1090 scaris
797 1027 918 1107 quidem
942 1028 1019 1089 siout
1033 1027 1185 1107 Oppianus
1202 1030 1303 1091 omnia

155 1127 211 1190 tria
233 1127 393 1189 auxiliandi
408 1130 540 1210 exempla
563 1148 631 1191 cum
647 1131 707 1191 duo
725 1131 901 1193 Plutarchus
916 1131 1031 1205 haheat,
1054 1148 1149 1192 unum
1164 1128 1305 1203 Ovidium

158 1226 251 1288 atde
278 1226 385 1288 anthiis
408 1245 472 1287 rem
499 1226 611 1290 ibidem
638 1229 746 1290 misere
771 1229 940 1308 depravavit
961 1228 1114 1290 helianus:
1143 1245 1207 1288 non
1235 1245 1305 1289 casn

158 1325 248 1387 etiam
265 1323 302 1386 de
322 1343 446 1389 murena
469 1345 504 1388 ac
519 1327 600 1407 sepia
616 1327 771 1390 coniunxit
786 1327 905 1391 fabellas
919 1328 933 1388 l
949 1327 988 1390 33
1005 1336 1035 1389 et
1049 1327 1062 1388 l
1078 1327 1129 1390 34.
1159 1326 1219 1389 lam
1237 1344 1304 1388 vero

158 1424 195 1487 ad
209 1428 419 1490 sententiolam
433 1430 554 1493 attende
570 1448 658 1509 quam
681 1431 729 1491 ille
744 1430 842 1511 sepiae
863 1431 961 1492 fraudi
976 1430 1131 1493 adnexuit:
1152 1424 1306 1492 τοιοῦτόν

157 1549 191 1599 τι
220 1527 276 1589 καὶ
305 1529 351 1612 τῷ
381 1530 506 1608 Αἰνείᾳ
535 1533 635 1613 νέφος
664 1530 857 1614 περιβαλών
887 1528 1037 1615 vincitque
1070 1525 1130 1595 cdv
1155 1524 1306 1609 Ἀχιλλέα

158 1617 178 1687 d
200 1623 383 1707 Ποσειδῶν,
408 1622 451 1702 ιδς
467 1623 606 1714 Ὄμηρος
628 1627 726 1706 λέγει.
769 1630 891 1692 Minime
918 1632 976 1693 hoc
998 1631 1111 1693 Aeliani
1133 1637 1198 1704 θείς
1226 1627 1305 1689 idem

158 1723 238 1787 enim
272 1725 449 1795 Plutarchus
475 1728 611 1791 videlicet
650 1729 759 1808 legerat
793 1730 843 1809 qui
874 1730 940 1809 ipse
967 1748 1087 1810 quoque
1121 1729 1158 1790 ad
1193 1725 1306 1807 sepiam

157 1821 378 1893 fraudulentam
400 1826 504 1888 adicit:
528 1822 777 1910 ἀπομιμουνένη
799 1825 877 1900 τοὺς
893 1823 1035 1910 Ὀμήρου
1057 1826 1159 1900 θεοὺς
1185 1825 1305 1906 κυανέῃ

157 1919 278 2003 νεφέλῃ
307 1921 468 1997 πολλάκις
499 1920 555 1997 οὓς
586 1921 628 1986 ἄν
654 1924 761 1987 σῷσαι
788 1923 939 1988 θέλωσιν
960 1921 1224 2008 ὑφαιρουμένους
1251 1922 1307 1985 καὶ
1375 1992 1376 1996 y

159 2017 425 2094 διακλέπτοντας.
476 2023 579 2103 ltaque
614 2032 767 2085 auctorem
802 2042 993 2087 communem
1027 2023 1068 2085 illi
1097 2041 1161 2084 non
1174 2028 1307 2103 poetam

158 2118 212 2179 sed
227 2137 332 2199 prosae
354 2121 498 2183 orationis
520 2121 695 2203 scriptorem
718 2121 813 2184 secuti
835 2129 915 2197 sunt,
937 2122 988 2202 qui
1004 2122 1127 2184 Homeri
1150 2130 1180 2184 et
1204 2129 1306 2201 poeta·

158 2226 228 2278 rum
249 2217 336 2280 verba
351 2219 437 2281 docte
460 2219 598 2282 attulerat
620 2220 706 2281 sicuti
721 2239 810 2301 supra
832 2221 867 2282 ad
884 2221 1024 2302 polypum
1048 2221 1164 2282 adferre
1186 2238 1255 2281 curn
1278 2228 1309 2279 et

159 2313 326 2399 Pindarum
345 2315 472 2378 vidimus
495 2323 524 2379 et
540 2316 750 2399 Theognidem.
795 2319 892 2398 Atque
914 2318 1078 2399 requirenti
1092 2319 1167 2380 mihi
1189 2317 1309 2398 aliquod

160 2410 193 2472 in
209 2411 382 2475 Plutarcheo
398 2413 473 2476 libro
488 2420 606 2494 praeter
621 2415 811 2478 Aristotelem
828 2416 955 2479 auctoris
970 2434 1081 2479 nomen
1096 2417 1144 2478 hic
1158 2416 1241 2477 locus
1258 2435 1308 2477 oc-

163 2511 255 2573 currit
268 2515 336 2595 'quo
359 2531 430 2574 sanc
444 2513 604 2595 praeterito
628 2515 701 2576 mire
723 2533 825 2576 socors
846 2515 989 2601 dicendus
1012 2535 1125 2592 essem;
1147 2522 1308 2595 postquam

162 2609 244 2672 enim
259 2609 387 2694 piscium
402 2629 510 2689 genera
533 2611 705 2692 saepissime
728 2613 899 2675 catervatim
921 2613 1018 2675 vivere
1033 2613 1210 2675 Plutarchus
1226 2611 1309 2685 dixit,

162 2708 258 2788 pergit
279 2728 308 2788 p.
326 2707 387 2771 980
402 2710 442 2770 A:
475 2704 560 2772 ἀλλὰ
588 2708 714 2791 μᾶλλον
743 2708 801 2772 ἐπὶ
830 2708 888 2784 τὰς
916 2706 987 2772 κατ’
1017 2708 1109 2772 ἰδίαν
1134 2710 1310 2780 κοινωνίας

162 2801 269 2871 αὐτῶν
298 2806 355 2868 καὶ
385 2801 589 2890 συμβιώσεις
620 2808 717 2871 ἰτέον.
769 2801 813 2872 ὧν
843 2810 914 2872 ἐστι
949 2808 1005 2872 καὶ
1035 2805 1053 2872 ὁ
1081 2805 1119 2870 τὸ
1149 2805 1310 2871 πλεῖστον

162 2901 375 2978 ἐξαναλώσας
396 2907 602 2989 Χρυσίππου
628 2902 732 2990 μέλαν
759 2904 941 2991 πινοτήρας
966 2906 1068 2971 παντὶ
1095 2904 1151 2969 καὶ
1178 2903 1310 2988 φυσικῷ

162 3001 284 3088 βιβλίφ
314 3002 370 3065 καὶ
397 3000 512 3088 ’ἠθικῷ
541 2996 725 3089 προεδρίαν
755 3003 851 3084 ἔχων·
893 3005 951 3069 τὸν
982 3004 1048 3087 γὰρ
1079 3000 1309 3087 σπογγοτήραν

164 3094 224 3179 οὐχ
240 3096 426 3184 ἱστόρηκεν·
459 3097 497 3165 οδ
517 3102 580 3185 γὰρ
601 3101 642 3168 ἂν
662 3101 858 3185 παρέλιπεν.
901 3104 1044 3166 Suhnasci
1069 3103 1197 3183 suspicio
1218 3101 1311 3182 possit

163 3199 308 3280 scriptum
342 3200 433 3263 luisse
467 3201 526 3264 τοῦ
560 3200 662 3266 παντὶ
697 3201 753 3264 καὶ
787 3202 918 3286 φυσικῷ
953 3200 1074 3284 βιβλίῳ
1109 3200 1165 3263 καὶ
1199 3195 1311 3283 ἠθικῷ

163 3295 348 3379 προεδρίαν
364 3295 508 3377 ἔχοντος,
525 3300 661 3363 audiebat
676 3301 755 3362 enim
770 3298 950 3381 Chrysippus
971 3295 990 3361 o‘
1005 3295 1108 3371 ὄντως
1124 3294 1311 3381 φιλόσοφος

167 3393 223 3456 καὶ
250 3394 328 3478 περὶ
354 3393 456 3461 πάντ’
483 3393 579 3481 ἄνήρς
606 3399 657 3460 sed
683 3398 716 3460 in
741 3397 792 3458 tali
817 3397 945 3459 lectione
966 3414 1064 3477 neque
1089 3397 1312 3475 intellegeretur

166 3510 219 3555 our
234 3490 353 3570 λογικὰ
372 3495 553 3559 omittuntur
574 3492 691 3576 βιβλία
713 3504 743 3556 et
764 3495 840 3557 adici
854 3496 1054 3574 postularetur
1067 3494 1133 3557 τῷν
1148 3493 1311 3556 Στωϊκῶν.

163 3592 267 3673 ltaque
302 3593 545 3674 adstipulandum
580 3594 705 3655 omnino
740 3592 965 3673 Wyttenbachio
1002 3601 1048 3655 est
1084 3593 1243 3672 corrigenti
1277 3590 1313 3654 έν

164 3690 349 3753 north...
371 3689 462 3771 ἔχων.
508 3692 686 3755 Primarium
707 3709 816 3772 nempe
842 3691 944 3755 locum
967 3690 1110 3772 pisciculo
1132 3691 1312 3773 Chrysippus

164 3789 226 3851 nisi
239 3789 271 3851 in
285 3791 414 3871 physicis
430 3789 593 3871 ethicisque
615 3791 698 3854 libris
721 3808 783 3853 non
797 3790 885 3853 dahat
905 3791 974 3871 quia
989 3791 1027 3852 ad
1042 3788 1160 3866 λογικὰ
1181 3789 1312 3871 quaestio

163 3888 203 3951 dc
233 3888 331 3955 anima
360 3879 555 3972 moribusque
584 3891 756 3954 animalium
785 3908 848 3951 non
879 3889 1054 3969 pertinebat.
1095 3889 1173 3963 Quid
1201 3885 1312 3968 igitur?

166 4004 269 4049 nonne
291 4007 415 4068 prorsus
436 3988 563 4052 absurde
588 3989 783 4069 philosophus
809 3988 887 4049 inter
912 4006 961 4049 res
987 4005 1093 4049 omnes
1120 4004 1314 4068 quascunque

165 4093 308 4150 ποιέωσι
336 4094 425 4167 atque
455 4086 585 4150 universi
615 4086 720 4148 mundi
752 4086 907 4166 pinoterao
936 4086 1036 4147 locum
1065 4087 1135 4147 dare
1165 4085 1314 4148 diceretur

161 4179 365 4263 primarium?
407 4183 485 4262 Ergo
511 4201 611 4246 mores
636 4183 886 4265 prudentiamque
911 4183 1000 4246 etiam
1029 4183 1157 4245 aliorum
1182 4183 1231 4244 ille
1263 4192 1314 4246 aut

166 4280 294 4363 piscium
331 4289 383 4346 aut
411 4281 584 4346 animalium
613 4288 692 4346 certe
720 4283 924 4364 descripserat
979 4282 1093 4344 Eodem
1122 4281 1204 4344 ducit
1232 4282 1314 4362 quod

167 4381 330 4463 plurimum
348 4400 469 4463 'operae
499 4380 553 4464 (τὸ
583 4380 743 4446 πλεῖστον
771 4381 889 4465 μέλαν)
921 4383 1036 4449 δεδίεεο
1065 4399 1135 4443 eum
1164 4379 1234 4444 huic
1263 4380 1315 4447 unt

1121 4481 1155 4536 6*
