2924 5018
611 279 850 344 -130—

160 456 248 519 luisse
265 458 363 520 nullus
378 457 493 519 lirmior
518 457 602 520 testis
617 467 673 520 est.
703 459 845 537 Superest
869 456 1068 535 fragmentum
1096 475 1194 519 unum
1222 466 1256 520 et
1281 458 1309 519 id

159 556 279 637 quidem
296 566 505 638 corruptorum
520 556 794 637 corruptissimum3
816 564 847 617 at
861 554 1062 617 coniecturam
1078 555 1134 619 tibi
1148 557 1309 618 ostendam

158 655 337 736 insperatam
350 676 434 737 quae,
450 655 502 719 ubi
514 653 617 734 obtigit
630 655 711 730 mibi,
725 656 819 736 ipsius
830 655 856 717 si
868 673 957 735 quam
970 664 1124 716 vocaverat
1136 654 1308 717 Numenius

156 755 306 835 aquaticae
321 755 422 817 Musae
444 757 470 817 si
493 755 592 817 minus
614 756 701 817 verba
724 763 754 817 at
775 755 939 834 ingenuum
964 754 1067 814 saltem
1085 772 1249 816 susurrum
1272 755 1308 818 ad

158 871 245 915 aures
269 854 374 916 sedere
389 873 469 916 meas
493 854 652 917 arbitratus
671 874 749 927 suna,
773 854 902 933 indeque
926 853 1015 916 etiam
1045 851 1170 915 liberius
1191 854 1225 917 iu
1241 872 1306 916 car-

158 954 236 1015 mine
252 961 367 1032 poetam
383 953 539 1015 incessisse
556 973 653 1033 neque
669 952 752 1015 omni
774 952 936 1031 indiguisse
953 950 1050 1012 volatu
1072 952 1192 1032 colligo.
1231 953 1306 1015 Nam

157 1070 225 1112 cum
241 1051 385 1113 Athenaei
400 1051 511 1114 librarii
527 1051 623 1115 3le
640 1053 721 1115 hunc
736 1070 854 1115 versum
871 1050 1017 1113 Numenio
1033 1050 1265 1132 adscripserint:

200 1162 277 1240 (llll)
301 1157 433 1237 άκονλας
456 1161 630 1243 κιγκάλους
652 1184 686 1227 τε
709 1165 764 1226 καὶ
787 1158 954 1245 άλλοπλρν
975 1160 1170 1246 τράχουρον,

158 1310 269 1355 nomen
299 1311 404 1355 sanum
433 1295 548 1357 nullum
580 1295 686 1375 legitur
715 1304 833 1375 praeter
867 1288 1055 1374 τράχουρον.
1102 1293 1144 1355 lle
1185 1296 1309 1377 reliquis

156 1391 339 1472 suspiciones
365 1393 496 1472 priorum
523 1395 631 1455 iterare
658 1393 757 1455 minus
777 1395 874 1474 placet
895 1392 951 1453 nisi
967 1392 1045 1470 quod
1066 1412 1102 1453 ex
1127 1389 1309 1471 κιγκάλους

158 1490 472 1571 Schweighaeuserum
493 1493 656 1555 rectissime
672 1494 812 1554 excitasse
838 1489 988 1567 κίγκλους
1014 1490 1107 1570 ipsius
1134 1493 1229 1554 metri
1249 1493 1309 1555 cla·

157 1599 219 1650 mat
233 1589 357 1652 indoles.
385 1591 512 1655 Ultimus
525 1591 688 1653 bleinekius
702 1592 743 1652 ita
760 1609 877 1652 versum
894 1589 1054 1651 conclusit:
1071 1589 1127 1650 aad
1141 1587 1310 1673 έλλοπέιγν

155 1684 342 1773 τράχουρον,
368 1690 451 1770 quasi
476 1709 589 1752 nomen
604 1687 765 1773 έλλοπλρν
786 1688 825 1750 sit
848 1689 940 1751 ullum
963 1696 993 1749 et
1012 1688 1097 1768 quasi
1119 1686 1309 1771 τράχυυσον

156 1788 256 1849 baberi
271 1807 326 1868 pro
341 1789 484 1851 adiectivo
498 1789 582 1851 facile
598 1788 736 1870 potuerit.
774 1789 832 1850 lam
856 1796 887 1850 ut
903 1788 941 1849 de
955 1788 1076 1851 incertis
1090 1795 1172 1850 certa
1191 1807 1307 1851 consu-

156 1886 263 1957 lamus,
289 1885 420 1964 κλγκλος
445 1889 572 1967 piscisne
598 1906 700 1949 revera
725 1885 804 1949 fuit?
831 1889 953 1949 minime
980 1906 1059 1949 vero.
1099 1887 1194 1947 Auem
1224 1888 1308 1948 video

158 2005 281 2065 eamque
310 1987 498 2049 maritimam.
535 1988 637 2066 ltaque
658 1988 692 2049 ad
715 1987 772 2049 hoc
798 1988 870 2050 dum
896 1988 1028 2058 attendo,
1053 1986 1113 2048 iam
1139 1985 1308 2066 scripturae

157 2084 323 2147 incuriosae
337 2085 439 2147 ruinas
454 2085 565 2148 sarcire
579 2085 618 2147 ita
635 2104 778 2166 propero:

257 2193 418 2269 άλκύονας
443 2195 595 2274 κίγκλους
617 2216 651 2259 ce
677 2195 733 2259 καὶ
758 2194 882 2281 άπλσλχ
909 2195 1088 2281 τράχουρον

254 2289 464 2378 ἁρπάζοντας
490 2291 625 2380 ὁρῶμεν.

156 2408 299 2470 viciniora
327 2409 398 2470 baec
423 2409 516 2471 fuisse
545 2410 698 2490 prooemio
727 2409 892 2471 videantur.
935 2408 1031 2470 Etiam
1054 2408 1191 2490 cymbam
1217 2417 1304 2489 poeta

154 2506 293 2586 piscatori
308 2509 481 2570 struendam
497 2527 560 2571 esse
577 2509 708 2572 docebat
749 2509 932 2570 Provocabat
951 2509 987 2571 ad
1003 2526 1079 2569 aves.
1121 2507 1202 2569 Sunt
1223 2508 1303 2569 enim

155 2623 223 2667 aves
252 2624 372 2686 quoque
401 2625 477 2688 quae
506 2607 667 2687 piscentur,
697 2615 783 2688 atquae
809 2608 873 2669 illae
899 2608 1033 2688 rapinam
1061 2624 1167 2687 rapere
1190 2615 1303 2669 certam

155 2705 200 2765 vel
215 2704 280 2766 sine
294 2705 408 2783 navigio
425 2704 492 2783 (καὶ
509 2698 648 2790 άπλολχ)
671 2707 785 2782 callent,
805 2695 912 2788 quibus
934 2708 1034 2768 datum
1063 2714 1107 2767 est
1129 2706 1226 2768 lidere
1252 2705 1304 2769 alis

157 2822 190 2865 ac
215 2805 351 2883 proicere
366 2824 397 2866 se
413 2806 569 2886 repentino
592 2806 623 2866 in
644 2806 781 2887 aequoris
801 2807 909 2868 fluctus
925 2824 941 2866 e
957 2804 1085 2867 nubibus
1106 2804 1304 2885 praecipicio:

155 2919 211 2964 nos
226 2922 295 2964 vero
311 2903 447 2966 homines
463 2910 551 2985 atque
562 2904 704 2967 Daedalea
720 2905 793 2967 adeo
808 2914 871 2967 arte
888 2905 962 2967 male
978 2910 1112 2966 carentes
1123 2900 1304 2973 naviculam,

156 3019 213 3081 qua
239 3001 319 3063 adire
334 3002 444 3064 victum
461 3003 548 3065 vilem
565 3004 725 3085 possimus,
749 3003 849 3066 labore
869 3005 1031 3085 parandam
1048 3003 1123 3064 duro
1144 3000 1303 3065 babemus.

156 3099 269 3172 Quibus
295 3101 421 3180 receptis
441 3119 515 3163 num
532 3103 690 3184 perspicies
717 3121 770 3164 our
793 3121 855 3165 non
869 3103 969 3184 potius
989 3097 1189 3184 τραχούρους
1212 3119 1303 3184 quam

155 3194 336 3280 τράχουρον
351 3200 420 3262 dare
435 3201 564 3282 scriptor
578 3199 740 3264 debuerit?

240 3297 319 3360 llaec
334 3298 371 3360 de
386 3298 548 3376 Numeni03
564 3319 653 3382 ρυευι
670 3301 898 3363 Halieuticorum
914 3298 1114 3380 posteriorum
1129 3298 1302 3381 exemplu·

156 3414 217 3458 non
233 3397 324 3458 luisse
338 3397 422 3461 facile
436 3399 636 3480 intellegitur;
662 3407 763 3462 tamen
783 3401 904 3461 nomina
926 3416 994 3462 eum
1018 3406 1048 3460 et
1063 3415 1260 3463 enumerasse
1274 3406 1304 3461 et

155 3497 282 3576 propriis
308 3497 460 3562 adiectiris
487 3518 610 3562 ornasse
636 3498 829 3561 memorabile
850 3508 902 3560 est.
934 3498 1076 3560 Similiter
1096 3495 1188 3559 etiam
1207 3496 1304 3561 Pan-

157 3604 278 3656 crates
319 3598 370 3677 qui
411 3600 547 3679 sequitur
565 3599 707 3661 Arcadius
748 3599 779 3658 in
803 3597 950 3678 Operibus
977 3596 1136 3658 maritimis
1165 3596 1242 3675 egit,
1272 3596 1303 3659 id

156 3694 235 3773 quod
258 3695 366 3758 docent
387 3697 552 3777 fragmenta
568 3700 646 3778 apud
662 3698 847 3760 Athenaeum
870 3697 926 3759 tria
943 3714 1071 3778 quorum
1087 3696 1220 3777 primum
1237 3702 1304 3757 osto

157 3791 216 3853 321
234 3792 273 3854 l':
720 3853 723 3858 .

458 3890 587 3957 σάλπαι
610 3889 640 3955 τ’
664 3893 835 3978 ἰσομήκεες
857 3894 956 3973 ἰχθῦς

256 3985 296 4063 οἷς
317 4012 352 4052 τε
374 3990 457 4071 βόας
479 3993 620 4077 πορκῆες
641 3988 780 4078 άλλζῳοι
802 3990 977 4057 καλέουσιν

258 4082 375 4154 οὔνεκα
397 4094 530 4175 γαστέρι
553 4093 658 4175 φῦκος
680 4088 733 4155 ἀεὶ
756 4088 913 4156 ἀλέουσιν
935 4087 1081 4155 ὀδοῦσιν.

53 4300 59 4309 Ι
157 4224 247 4286 boves
263 4223 319 4285 boc
332 4225 398 4285 loco
409 4223 447 4284 ad
458 4222 639 4304 piscatorum
651 4241 819 4287 sermonem
832 4242 887 4304 pro
900 4222 991 4285 scaris
1004 4221 1100 4285 vocari
1112 4220 1202 4285 tertio
1214 4242 1305 4291 versu

156 4322 311 4385 docemur:
328 4323 428 4404 itaque
443 4322 584 4403 quoniam
599 4342 715 4387 scarum
731 4331 761 4384 et
776 4324 886 4404 salpam
901 4322 1044 4384 herbosae
1059 4340 1165 4384 arenae
1182 4330 1304 4385 utrum-

157 4440 215 4501 que
240 4431 404 4485 amatorem
420 4422 579 4485 Pancrates
604 4423 682 4487 sieut
697 4423 819 4486 Ovidius
846 4422 1007 4493 coniunxit,
1035 4440 1109 4483 num
1135 4420 1213 4485 forte
1238 4422 1305 4503 ipsa
