2924 5018
609 257 853 321 -tto-

159 438 216 495 siae
250 433 331 496 culos
361 439 419 496 siue
453 436 551 496 torua
584 437 642 496 sice
675 453 753 514 onya
785 439 842 497 sive
875 434 1021 513 dactylica,
1055 434 1095 495 ita
1127 434 1313 495 Xenocrates

159 534 295 612 cap.28:
318 529 517 616 στρόμβοι
542 579 649 595 .....
675 531 852 615 σωλῆνες
881 529 902 615 ἢ
932 525 1055 595 adtot
1087 529 1109 615 ἢ
1141 529 1314 605 δόνακες

159 628 290 714 domata
306 632 373 693 sios
389 632 445 694 arai
458 631 597 717 θήλειαι
614 629 648 694 oi
663 630 852 705 *καλοῦντες
867 632 925 709 (vel
940 629 1138 708 καλοῦνται)
1155 626 1313 709 ὄνυχας·

159 728 329 813 διαφορὰν
354 726 388 793 δ’
412 729 523 810 ἔχουσι
550 733 603 811 (sc.
623 728 655 793 oi
680 728 810 814 ἄρῥινες
835 729 891 792 καὶ
917 727 955 790 αἱ
981 728 1154 812 difflari:
1178 730 1232 792 ubi
1252 746 1313 792 uon

158 831 266 891 adsunt
282 831 403 910 quidem
420 832 535 912 dactyli,
558 831 713 893 sedetiam
730 831 899 893 destructus
919 831 1005 891 locus
1023 839 1056 891 et
1071 829 1155 895 mule
1177 828 1312 893 turbatus

159 939 212 1001 est,
235 948 302 991 cum
321 931 385 993 fere
404 931 617 1010 expectaveris:
641 922 776 1010 ἄρρενές
797 925 826 990 τ’
851 929 919 991 εἰσὶ
941 924 998 990 καὶ
1017 923 1179 1010 θήλειαι,
1204 930 1242 991 el
1260 928 1313 989 sel

158 1024 338 1088 καλοῦνται
369 1023 483 1105 ὄνυχες
512 1024 548 1109 (ἢ
578 1022 766 1106 δάκτυλοι).
811 1029 889 1089 Saue
920 1028 1010 1089 etiam
1043 1026 1205 1106 Diphilum
1236 1027 1312 1107 apud

158 1126 265 1187 Athen.
284 1145 312 1205 p.
329 1126 406 1186 901]
429 1126 565 1188 omisisse
588 1126 717 1205 dactylos
739 1126 962 1188 concedendum
994 1134 1042 1187 est
1074 1125 1250 1189 dicentem
1282 1119 1313 1189 ei

160 1219 198 1283 δὲ
214 1221 356 1305 σωλῆνες
372 1222 432 1304 μὲν
448 1221 532 1304 πρός
557 1245 656 1286 τινων
672 1221 882 1305 καλούμεναι,
910 1219 993 1305 πρός
1018 1242 1121 1287 τινων
1149 1221 1193 1286 dl
1217 1218 1313 1287 arilei

159 1320 215 1382 sel
245 1316 383 1393 δόνακες
409 1322 465 1383 καὶ
488 1319 617 1400 ὄνυχας
644 1323 695 1384 sed
720 1322 853 1403 Diphilus
875 1342 936 1385 nan
959 1323 1077 1402 saepius
1100 1322 1212 1385 eadem
1227 1332 1313 1405 atque

159 1420 341 1483 Xenocrates
364 1439 454 1499 quam
478 1421 590 1483 diversa
613 1421 718 1495 tradit;
740 1440 868 1503 casuque
891 1442 942 1483 eos
957 1422 1141 1485 concordare
1166 1416 1222 1485 ubi
1243 1439 1314 1485 oon-

159 1519 283 1581 cordent
304 1519 388 1581 facile
417 1520 528 1582 sentiet
562 1520 612 1599 qui
646 1520 860 1599 comparationi
888 1520 1043 1582 amborum
1070 1538 1202 1601 operam
1223 1539 1312 1583 nara-

160 1617 246 1687 verit;
270 1637 344 1697 quae
368 1618 441 1681 tanti
463 1637 510 1681 res
527 1636 588 1680 non
603 1627 649 1680 est
671 1619 717 1680 cui
741 1619 789 1680 bic
810 1619 892 1680 locus
915 1619 1011 1682 detur.
1049 1616 1190 1683 Mirabile
1213 1614 1311 1683 nescio

159 1717 240 1778 unde
263 1715 300 1778 de
323 1715 444 1796 dactylis
467 1724 620 1796 acceperat
642 1714 756 1777 Plinius
773 1714 810 1776 tx
830 1714 898 1777 184.

244 1815 303 1876 lam
339 1834 406 1877 vero
439 1815 545 1877 suadet
578 1815 759 1877 Xenocrates
790 1814 921 1878 medicus
949 1814 1125 1896 exscriptus,
1160 1816 1311 1879 adbibitus

158 1913 206 1974 ille
229 1913 316 1975 etiam
339 1915 375 1976 ad
398 1915 452 1975 alia
475 1914 541 1975 libri
557 1913 663 1976 xxxu
679 1914 771 1995 capita
787 1914 837 1991 (cl.
854 1914 956 1978 Corais
970 1914 1045 1977 Xan.
1059 1934 1091 1995 p.
1111 1910 1256 1997 138sq.)‚
1281 1925 1312 1979 ut

158 2011 252 2072 Plinio
281 2030 341 2073 non
371 2021 438 2074 ante
466 2013 672 2075 tractationem
703 2012 917 2076 medicinarum
946 2020 1043 2076 totum
1067 2014 1150 2076 bunc
1181 2012 1308 2078 indicem

157 2111 339 2174 succrevisse
361 2121 390 2174 et
411 2112 447 2173 ad
472 2129 586 2174 nonum
602 2111 712 2174 librum
729 2120 864 2192 paratum
880 2114 1014 2175 nandum
1030 2110 1124 2177 fuisse
1140 2110 1307 2177 credamus.

158 2210 240 2272 luter
262 2218 397 2273 auctores
420 2220 520 2273 tanim
543 2210 610 2272 libri
632 2210 725 2273 XXXI
737 2231 781 2291 sq.
809 2212 951 2275 nimirum
975 2212 1088 2275 Plinius
1109 2204 1308 2277 Xenocratem

158 2327 218 2371 non
252 2310 403 2372 nominat:
448 2329 546 2391 neque
579 2311 659 2371 enim
693 2329 762 2372 eum
792 2311 881 2373 etiam
915 2312 940 2373 si
973 2311 1162 2375 nominasset
1207 2308 1308 2377 adiisse

158 2407 323 2481 videretur,
364 2409 417 2471 sed
456 2409 534 2471 sicut
571 2409 670 2490 copias
704 2408 869 2471 Aristotelis
908 2409 1018 2473 sumini
1056 2420 1218 2473 auctorum
1251 2430 1308 2475 non

158 2506 255 2587 ipsum
279 2505 412 2585 attigisse
446 2507 497 2568 sed
531 2515 648 2587 paratas
682 2507 717 2568 ab
751 2508 914 2589 interprete
936 2508 1084 2589 accepisse
1106 2510 1308 2589 probavimus,

158 2605 199 2665 ita
221 2605 423 2665 Xenocrateae
446 2624 566 2684 quoque
588 2606 646 2667 iam
669 2613 734 2669 tum
758 2625 773 2666 a
797 2605 917 2671 medicis
939 2604 1039 2669 latinis
1062 2617 1203 2689 arreptae
1229 2620 1310 2673 erant

157 2703 193 2764 ab
208 2703 305 2782 iisque
316 2702 411 2764 Plinio
428 2704 493 2765 sine
510 2703 630 2765 nomine
645 2704 773 2766 auctoris
789 2704 939 2766 afllnxere.
966 2704 1051 2766 Unda
1066 2700 1158 2768 etiam
1170 2709 1309 2789 explicari

157 2802 351 2884 complicatae
367 2801 432 2864 illae
448 2802 632 2865 differentiae
647 2812 678 2865 et
693 2818 808 2866 errores
823 2804 942 2884 possint
956 2802 1065 2886 quibus
1083 2804 1308 2887 complanandis

158 2904 258 2965 Corais
274 2909 408 2963 mentem
424 2910 543 2982 torquet
555 2902 573 2963 l.
585 2903 603 2963 l.
637 2900 680 2964 lle
695 2905 826 2982 catalogo
842 2912 942 2966 autem
959 2904 1069 2984 quippe
1090 2904 1177 2967 culus
1194 2904 1234 2969 ad
1256 2923 1308 2968 no·

158 3000 238 3062 mina
253 3000 428 3081 plerumque
443 2998 516 3062 nihil
532 3001 708 3063 adnotatum
725 3002 764 3063 sit
779 3002 886 3081 ambigi
903 3003 1012 3083 poterit
1027 3012 1056 3065 et
1071 3003 1102 3065 in
1118 3004 1195 3066 duas
1211 3008 1308 3087 partes

157 3100 291 3161 iudicari:
315 3108 366 3160 aut
382 3119 450 3161 eum
466 3100 604 3180 primitus
619 3100 758 3163 omnibus
774 3101 1016 3163 adnotationibus
1032 3102 1164 3165 caruisse
1176 3113 1307 3186 quotque

156 3200 295 3278 leguntur
309 3217 359 3260 eas
375 3208 477 3279 postea
491 3218 508 3261 a
524 3200 619 3261 Plinio
632 3201 756 3261 insertas
771 3220 846 3272 esse,
862 3209 914 3263 aut
928 3200 969 3262 ita
976 3210 1014 3262 ut
1025 3209 1070 3262 cst
1081 3201 1207 3282 plenum
1221 3205 1307 3265 etin·

156 3307 274 3378 tegrum
297 3298 343 3358 vel
359 3299 447 3360 etiam
463 3299 628 3378 pleniorem
644 3299 793 3379 exstitisse
815 3299 894 3378 apud
910 3298 1127 3361 medicinarum
1147 3302 1306 3384 scriptores

157 3397 283 3477 indeque
317 3416 385 3458 cum
422 3397 494 3477 ipsis
526 3397 682 3459 medicinis
706 3398 897 3477 adsumptum
921 3417 998 3459 esse.
1042 3398 1130 3472 Quod
1155 3408 1189 3462 nt
1212 3401 1306 3464 ambi*

159 3514 249 3573 guum
274 3496 321 3569 sit,
346 3496 437 3576 magis
462 3507 561 3558 tamen
584 3498 615 3556 in
639 3496 761 3557 alteram
779 3497 854 3557 hanc
868 3497 1049 3558 sententiam
1071 3497 1199 3574 inclin03
1214 3488 1304 3579 'grae-

156 3611 260 3654 corum
283 3603 361 3657 certe
384 3595 541 3657 nominum
570 3592 664 3676 srtdq
691 3592 826 3675 βελόναι
848 3595 990 3656 similium
1013 3595 1225 3675 explicationes
1246 3598 1304 3679 pri-

158 3692 248 3752 mitus
276 3691 407 3754 adluisse
433 3694 606 3755 credentur:
640 3700 671 3752 at
704 3694 746 3753 vol
776 3693 832 3753 bae
855 3693 929 3754 Plini
952 3693 1118 3756 doctrinam
1141 3695 1235 3776 longe
1254 3714 1304 3757 su·

156 3797 270 3870 perant
315 3790 470 3852 Graviores
504 3799 602 3853 autem
635 3800 753 3870 praeter
775 3791 975 3854 Xenocrataas
1003 3792 1211 3856 adnotationes
1235 3812 1305 3875 quas

157 3907 254 3968 neque
277 3889 357 3950 uiide
380 3890 519 3951 fluxerint
542 3908 639 3970 neque
666 3908 795 3970 quocum
835 3909 1002 3970 comparem
1037 3891 1133 3952 babeo
1166 3892 1305 3971 leguntur

156 3990 191 4051 ad
207 3990 354 4051 citharam
370 3990 451 4050 etad
467 3990 605 4051 cinaedos
624 3998 655 4050 et
669 3990 705 4051 ad
723 3990 895 4071 elephantos
911 3989 1096 4067 (doctissima
1112 3990 1200 4054 baec:
1223 3991 1305 4055 less·

155 4100 267 4151 starum
287 4093 398 4168 emeris
418 4091 504 4168 cipri}
534 4090 653 4169 pedibas
675 4093 822 4170 quaternis
843 4088 969 4159 bisidcs'a,
999 4098 1151 4168 praeterae
1173 4089 1306 4153 bracalia

157 4189 213 4248 deo
236 4189 308 4249 binis
329 4185 459 4251 artasatis
480 4188 651 4269 sepelitque
672 4189 824 4270 forficibus
839 4187 1031 4267 dimicabitis)
1045 4197 1076 4248 et
1091 4187 1127 4249 ad
1142 4187 1305 4253 draconem

157 4285 231 4363 (non
260 4285 358 4347 minus
393 4287 492 4348 docte:
528 4287 644 4368 quidam
677 4286 758 4347 eliud
791 4287 890 4348 coluit
922 4304 979 4348 essa
1012 4286 1233 4362 draesecsleas,
1267 4298 1307 4351 eat

157 4395 249 4446 sutem
279 4385 440 4465 perricslee
473 4384 586 4465 amplae
618 4387 726 4460 similis,
768 4383 881 4447 aculeos
913 4390 945 4446 ιἰι
977 4385 1124 4447 broedtis'r
1147 4385 1235 4451 tusi
1268 4389 1308 4452 ed
