2924 5018
578 265 801 328 ..43-

115 447 202 508 etiam
227 445 364 508 vertisset
385 442 447 504 lere
474 442 510 503 ad
536 440 660 503 verbum
687 441 719 502 in
745 443 934 504 hexametros
960 441 1079 504 latinos.
1124 443 1259 525 Namque

114 546 173 607 iam
194 546 339 624 tangenda
362 542 466 603 saltem
490 541 548 602 hoc
577 542 640 602 loco
671 549 717 602 est
747 561 835 622 quam
863 541 938 603 intra
967 541 1177 622 explicabimus
1206 543 1260 604 ob·

115 645 241 706 servatio
265 663 328 705 non
350 641 512 722 simplicior
534 659 623 720 quam
647 641 762 720 gravior
786 642 819 702 in
849 641 947 721 priore
977 649 1054 703 certe
1077 649 1160 722 parte
1182 644 1261 722 trag·

115 742 209 805 menti
232 743 408 822 scriptorem
430 759 534 820 graeco
557 739 654 820 aliquo
686 742 821 822 exemplo
844 758 946 801 revera
968 748 1104 802 accurate
1126 741 1261 821 obsequi,

116 841 243 921 quodsi
268 842 302 916 ⁸in
326 840 421 920 capite
448 839 537 900 huius
564 840 774 920 disputationis
804 840 1047 919 exposuissemus
1070 841 1262 919 grammatica

114 940 242 1002 tortasse
258 938 474 1020 argumentatio
489 945 552 1000 tota
568 956 784 1018 supervacanea
809 939 867 1000 visa
883 938 998 1013 fuisset,
1021 939 1261 1019 quandoquidem

115 1057 176 1101 non
209 1039 267 1100 nisi
299 1038 451 1100 liberrime
484 1037 758 1115 ingeniosissimum
791 1047 911 1118 poetam
934 1036 1036 1098 alienis
1069 1038 1113 1099 uti
1146 1038 1261 1099 auxiliis

116 1138 194 1200 dicet
215 1138 242 1199 is
265 1157 384 1219 quoque
406 1137 458 1217 qui
478 1135 511 1197 0.
529 1135 750 1224 Schneiderum
767 1136 804 1196 de
819 1135 900 1197 ibide
915 1135 1083 1197 Callimachi
1104 1155 1263 1217 perperam

115 1237 260 1299 iudicasse
283 1245 371 1316 atque
393 1237 431 1298 ad
453 1235 726 1313 huius.imagiuem
755 1235 850 1315 ipsam
875 1233 1047 1296 Ovidianam
1072 1235 1138 1296 lbin
1163 1236 1263 1297 detor·

116 1343 228 1396 matam
262 1353 327 1397 esse
359 1334 547 1396 intellexerit.
595 1334 729 1414 Denique
762 1333 841 1394 illam
866 1331 951 1393 Ovidi
979 1340 1009 1394 et
1031 1333 1261 1396 Halieuticorum

117 1435 265 1496 sermonis
288 1424 488 1495 differentiam
513 1452 547 1496 cx
568 1433 744 1512 imperfecto
768 1438 847 1493 statu
868 1431 1026 1509 fragmenti
1049 1433 1194 1514 explicare
1214 1433 1263 1495 in-

117 1533 216 1594 sanire
239 1542 303 1607 est;
325 1552 496 1595 sermonem
513 1551 602 1594 nemo
624 1551 713 1592 suurn
737 1532 834 1606 exuit3
856 1539 959 1592 contra
982 1531 1082 1592 minus
1104 1532 1194 1612 polita
1217 1533 1262 1594 vel

117 1632 242 1695 celerius
291 1633 401 1712 scripta
443 1632 570 1713 propriis
614 1640 720 1710 poetae
769 1628 862 1708 magis
904 1629 1090 1690 inundentur
1134 1638 1260 1711 oportet.

117 1732 333 1793 Iucundissima
358 1731 491 1793 Schilleri
518 1730 613 1792 nostri
636 1737 754 1810 praesto
782 1727 961 1808 comparatio
989 1736 1048 1802 cst;
1079 1728 1161 1790 cuius
1182 1729 1262 1809 frag-

117 1840 217 1892 menta
239 1849 278 1891 ne
300 1831 443 1909 neglegat,
468 1829 516 1909 qui
541 1828 681 1890 iudicium
705 1829 741 1888 de
765 1836 866 1889 nostra
881 1827 1057 1908 quaestione
1074 1830 1151 1890 ferre
1174 1830 1260 1891 volet.

203 1927 303 1990 Unum
332 1929 447 1989 addam.
492 1927 616 1989 Aridum
651 1936 680 1989 et
714 1927 906 1988 invenustum
940 1927 1138 2005 fragmentum
1172 1929 1261 1990 etiam

117 2027 269 2108 Zingerleo
293 2028 387 2088 visum
411 2036 466 2096 cst,
489 2018 617 2088 maxime
639 2045 709 2088 vcro
730 2025 913 2087 enumeratio
933 2025 1072 2105 piscium3
1096 2027 1264 2107 relegamur

117 2127 277 2188 tamenab
304 2147 339 2188 eo
372 2127 408 2188 ad
440 2125 682 2188 enumerationes
709 2124 772 2186 illas
800 2124 957 2186 nominum
988 2126 1034 2187 vel
1062 2126 1188 2188 heroum
1217 2127 1263 2189 vel
1345 2156 1347 2162 ·

119 2225 297 2305 oppidorum
321 2226 366 2286 vel
390 2243 496 2286 canum
519 2223 564 2285 vel
590 2224 729 2285 similium
757 2243 831 2304 quas
857 2222 980 2284 Ovidius
1007 2223 1070 2304 ipse
1099 2245 1166 2287 cum
1195 2226 1264 2287 alibi

118 2331 184 2385 tum
210 2324 244 2385 in
269 2321 595 2385 Transformationibus
622 2322 751 2384 ostendit
774 2342 858 2384 more
886 2322 945 2385 stili
973 2325 1048 2405 epici
1076 2344 1134 2405 quo
1162 2343 1263 2385 rerum

90 2429 254 2485 accurate
278 2422 543 2491 describendarum
566 2422 696 2483 studium
722 2441 790 2483 curn
814 2422 913 2483 studio
930 2423 1118 2502 coniungitur
1140 2423 1262 2485 tardan-

119 2522 172 2583 dae
195 2521 319 2583 actionis
342 2520 552 2601 tranquillandi
567 2519 659 2581 animi
683 2527 804 2581 eventus
828 2521 1033 2601 praeparandi
1071 2521 1157 2594 Quod
1179 2540 1263 2583 com-

119 2621 344 2681 memorandum
370 2621 439 2682 duxi
467 2620 566 2700 spuria
589 2618 749 2680 Halieutica
777 2639 843 2680 esse
872 2639 951 2681 novo
980 2606 1155 2699 argumento
1184 2620 1263 2681 evic-

118 2725 217 2793 tums,
241 2719 393 2797 Zingerlco
420 2719 504 2780 duce.
551 2719 774 2780 Enumerantur
800 2718 833 2778 in
860 2726 943 2799 parte
969 2718 1136 2800 posteriore
1166 2719 1262 2797 pisces

119 2816 333 2897 quinquaginta
357 2827 436 2893 tres3
464 2818 516 2878 sed
547 2835 604 2896 qua
634 2825 852 2879 enumerentur
880 2827 942 2879 arte
971 2819 1103 2880 animum
1133 2818 1261 2879 adverte.

119 2915 241 2976 Plurimi
259 2916 379 2996 quidem
395 2915 545 2995 particulis
561 2916 742 2978 adseruntur
764 2924 815 2977 aut
834 2928 861 2979 ct
883 2926 934 2980 aut
948 2937 1001 2997 quc
1024 2925 1074 2978 aut
1096 2927 1179 2996 atque
1196 2919 1262 2992 (cc),

117 3014 168 3075 sed
197 3014 259 3074 uon
284 3013 382 3076 miuus
409 3024 513 3095 quater
541 3024 601 3076 tom
626 3015 731 3092 legitur
761 3019 799 3092 (v.
817 3015 886 3077 103.
914 3015 983 3078 109.
1001 3018 1070 3077 111.
1089 3017 1172 3096 126),
1202 3034 1264 3077 non

119 3111 218 3174 miuus
241 3121 346 3194 quater
369 3112 492 3175 omnino
522 3112 663 3192 particula
693 3114 879 3176 desideratur
907 3114 1011 3194 (eoo.
1031 3117 1196 3188 121.126;
1228 3117 1264 3176 de

119 3229 224 3274 versus
251 3212 309 3274 103
337 3213 465 3274 lectione
497 3230 557 3273 non
587 3212 746 3273 admodum
777 3222 915 3276 constare
939 3214 1054 3276 dicetur
1076 3215 1180 3292 intra);
1214 3234 1264 3277 ac-

120 3311 197 3373 cedit
216 3312 305 3373 etiarn
328 3312 409 3391 quod
442 3310 537 3372 semel
570 3310 634 3371 sine
662 3311 720 3372 ulla
755 3313 872 3374 ratione
898 3313 1018 3374 inicitur
1040 3318 1109 3393 quic
1132 3332 1158 3373 v.
1184 3315 1263 3375 113:

103 3410 200 3482 'Quin
223 3411 307 3472 laada
329 3413 447 3490 insignis
469 3409 577 3471 caudae
599 3409 782 3483 melanurus,
813 3413 905 3485 malc‚·
927 3419 1016 3491 atque
1039 3412 1121 3472 locus
1144 3419 1189 3472 est
1210 3410 1263 3473 uhi

119 3509 215 3589 aptius
238 3508 308 3589 poni
330 3509 477 3589 potuerit3
501 3508 599 3569 editur
622 3508 702 3569 enim
724 3528 749 3570 v.
769 3510 823 3570 75:

241 3649 322 3728 Quae
344 3649 407 3710 laus
427 3648 522 3728 prima
546 3667 655 3709 canum
679 3647 788 3729 quibus
812 3657 856 3710 est
879 3648 999 3711 audacia
1021 3667 1163 3729 praeceps

240 3747 432 3827 Venandique
454 3765 543 3826 sagax
565 3747 658 3808 virtus
680 3748 816 3829 viresque
839 3748 992 3828 sequendi.

119 3905 246 3966 Prorsus
273 3904 330 3965 hoc
352 3902 532 3977 absurdum,
562 3905 619 3966 nisi
645 3924 716 3985 quae
737 3905 947 3985 interrogantis
970 3925 1037 3967 esse
1059 3913 1185 3981 statues;
1213 3909 1264 3969 scd

120 4004 230 4065 mirum
254 4002 435 4064 etiamtunc
458 4002 531 4079 erit3
554 4003 830 4084 insuperotleudet
856 4005 956 4085 quidus
978 4015 1026 4077 est,
1050 4025 1116 4067 cunr
1141 4025 1263 4084 exspec-
1292 4086 1295 4092 .

120 4109 212 4164 tetur:
241 4104 344 4177 „Quae
365 4102 430 4163 laus
452 4102 547 4181 prima
576 4120 684 4164 canum
708 4100 776 4164 est?
804 4103 957 4165 Auimiue
981 4104 1099 4165 audacia
1123 4122 1264 4183 praeceps

120 4199 286 4262 venandiue
310 4219 335 4260 s.
351 4204 399 4261 v.“
422 4197 507 4280 eqsl
549 4201 691 4262 Traditur¹
710 4205 775 4282 quc‘3
808 4203 952 4282 scriptum
985 4202 1055 4263 fuit:
1091 4203 1168 4275 Quin
1201 4201 1265 4264 laus

117 4303 215 4380 primo
238 4317 350 4372 cocum,
373 4298 431 4360 hoc
453 4307 512 4360 est:
540 4299 729 4373 Quinetiam
752 4302 818 4381 plus
841 4303 926 4382 equis
949 4319 1036 4363 canes
1059 4300 1166 4361 valent.
1202 4301 1263 4362 lam

121 4416 191 4460 vero
214 4398 249 4460 ad
273 4398 420 4476 catalogos
453 4405 488 4460 ut
514 4405 713 4472 revertamur,
749 4399 870 4462 Ovidius
904 4400 967 4481 ipse
1000 4398 1122 4460 nomina
1156 4417 1263 4464 cauum
