2924 5018
590 269 808 332 ..11-

131 460 325 522 antecessisse
347 459 378 520 in
401 460 572 538 cynegetico
595 457 671 519 libro
693 476 849 519 excursum
873 464 924 519 aut
946 457 982 518 de
1004 457 1135 537 piscibus
1164 465 1214 518 aut
1237 455 1273 516 de

130 560 234 622 avibus
262 592 304 603 -
338 576 406 619 eum
434 565 534 619 tamen
565 575 720 619 excurrere
748 565 853 638 poetae
882 557 1106 617 eoncedendum
1136 573 1196 617 non
1225 556 1273 616 sit.

129 658 317 718 Concedatur
342 674 493 718 excursus.
548 656 586 716 Et
616 655 756 717 nolumus
785 655 907 735 quidem
936 655 994 715 iam
1024 655 1072 715 hic
1100 654 1273 716 memoriam

131 757 241 818 inicere
264 755 431 816 Plutarchei
452 754 519 815 libri
542 755 578 815 de
600 755 730 815 sollertia
752 754 922 816 animalium
947 754 1104 832 conscripti
1134 754 1169 814 de
1191 754 1274 815 cuius

132 855 221 918 simili
238 861 318 915 statu
332 853 590 915 sermocinandum
605 854 681 914 inira
696 861 750 914 est.
775 853 832 913 Sed
845 853 1068 932 dispositionem
1080 852 1171 931 ipsam
1185 853 1274 913 modo

131 962 243 1033 reputa.
259 953 470 1032 Fragmentum
483 971 548 1013 esse
560 959 792 1014 consentaneum
804 959 857 1023 est,
869 959 1102 1013 consentaneum
1114 951 1185 1012 item
1198 970 1274 1031 quo-

131 1053 211 1113 niam
223 1069 326 1112 rerum
341 1052 458 1112 titulum
471 1051 584 1111 Plinius
595 1057 731 1124 testator,
747 1050 918 1130 piscandi
934 1058 1028 1110 artem
1040 1069 1074 1111 eo
1086 1050 1173 1111 scribi
1185 1070 1274 1130 coep-

130 1160 191 1212 tam
214 1168 288 1212 esse.
320 1151 377 1211 Sed
393 1151 465 1211 haec
487 1169 526 1210 ne
545 1150 698 1229 attingitur
713 1150 833 1230 quidem
849 1150 880 1210 in
902 1149 1081 1229 fragmento,
1104 1155 1273 1211 secuturam

131 1266 195 1310 eam
218 1249 311 1310 fuisse
333 1249 481 1310 indicatur
502 1269 527 1309 v.
551 1247 591 1310 83
615 1268 680 1329 sqq.
724 1249 828 1329 ltaque
853 1267 946 1310 uniam
970 1249 1072 1310 saltem
1100 1249 1207 1309 libmm
1229 1249 1275 1309 vel

132 1348 319 1409 hexametros
340 1349 402 1409 fere
425 1347 487 1409 800
511 1348 630 1409 molitus
646 1367 711 1408 esse
734 1356 819 1427 poeta
842 1348 984 1408 dicendus
1007 1355 1059 1408 est.
1111 1347 1144 1407 ln
1167 1347 1275 1428 quibus

133 1466 185 1508 cur
209 1464 271 1507 non
293 1466 347 1526 per
370 1447 408 1508 30
432 1466 534 1508 versus
558 1466 664 1526 augere
687 1447 812 1526 piscium
834 1448 936 1508 laudes
959 1447 1143 1508 terrestrium
1160 1446 1275 1525 vitupe-

132 1544 298 1606 rationibus
325 1545 440 1607 licuerit
465 1545 576 1606 irustra
600 1564 732 1625 quaeras.
778 1546 861 1607 Certe
890 1545 1041 1625 Oppianus
1069 1546 1101 1606 in
1125 1544 1188 1605 Hal.
1211 1545 1229 1605 1.
1253 1546 1275 1606 V

133 1643 254 1703 exordio
289 1647 326 1719 (v.
359 1642 397 1703 12
428 1647 504 1723 sqq.)
544 1662 597 1723 per
624 1632 728 1705 versus
762 1644 802 1704 29
830 1644 937 1705 transit
965 1645 1000 1704 ad
1029 1643 1144 1705 leonem
1172 1661 1276 1704 ursum

133 1743 318 1822 elephantem
347 1751 380 1802 ut
406 1742 562 1821 grandiora
595 1742 798 1823 ferocioraque
831 1742 1021 1804 terrestribus
1050 1741 1188 1822 aquatilia
1211 1747 1288 1803 esse

133 1849 276 1921 exponat3
315 1840 393 1901 idem
424 1839 455 1900 in
478 1841 496 1900 l.
518 1841 529 1901 l
552 1861 578 1901 v.
604 1840 738 1901 12-27
772 1849 944 1902 montanam
978 1848 1060 1902 curat
1087 1841 1275 1902 venationem

132 1958 219 2019 apros
254 1957 339 2000 ursos
375 1957 541 2019 canumque
575 1939 733 2014 auxilium3
771 1949 873 2001 contra
910 1941 959 2020 qui
992 1939 1145 2020 scripsisse
1180 1939 1277 2002 fertur

131 2039 299 2119 cynegetica
321 2058 345 2099 r.
370 2039 410 2099 49
434 2057 499 2117 sqq.
522 2040 617 2100 aeriae
639 2040 738 2118 potius
762 2049 792 2100 et
823 2039 953 2101 marinae
987 2040 1134 2101 venationi
1156 2040 1276 2118 triginta

132 2146 226 2199 metra
249 2138 403 2199 concessit.
449 2137 507 2197 Sed
529 2139 561 2198 in
583 2155 657 2217 aqna
681 2156 718 2198 ne
741 2138 878 2209 scribam,
901 2139 979 2199 addo
1005 2139 1085 2199 unde
1116 2156 1276 2218 cognoscas

133 2255 221 2316 quam
250 2236 438 2313 neglegenter
472 2235 528 2313 legi
562 2237 687 2297 latinum
714 2237 913 2313 fragmentum
941 2237 1037 2298 adhuc
1072 2237 1191 2298 solitum
1227 2237 1276 2298 sit.

131 2334 249 2396 Etenim
273 2334 436 2413 posteriore
458 2342 540 2413 parte
564 2353 705 2396 excursus
727 2342 788 2396 tam
810 2343 872 2395 arte
901 2353 968 2396 cum
992 2336 1184 2414 sequentihus
1207 2356 1276 2398 coa-

132 2433 196 2505 luit,
219 2440 252 2494 ut
268 2433 390 2493 evellere
402 2450 470 2493 eum
486 2431 625 2520 barbarae
639 2433 794 2494 violentiae
810 2442 898 2494 esset.
921 2433 1041 2511 Legitur
1056 2452 1084 2492 v.
1100 2433 1139 2494 83
1155 2454 1220 2514 sqq.

233 2531 293 2592 Nec
315 2531 468 2591 tamenin
491 2531 603 2593 medias
625 2532 720 2610 pelagi
742 2540 771 2591 te
794 2549 916 2610 pergere
937 2533 1023 2592 sedes

233 2629 417 2690 Admoneam
441 2629 574 2709 vastique
597 2629 687 2690 maris
710 2638 858 2709 temptare
882 2630 1075 2708 profundum.

71 2735 84 2745 ’
165 2798 167 2802 ,
232 2729 335 2787 lnter
356 2735 562 2805 utrumque
585 2727 641 2788 loci
665 2727 769 2789 melius
792 2728 984 2789 moderabere
1010 2730 1111 2789 linem.

133 2828 236 2906 ltaque
270 2825 340 2904 quid
373 2824 411 2886 sit
445 2824 555 2903 cogites
587 2826 659 2887 illud
692 2830 768 2887 inter
799 2837 952 2906 utrumque
989 2845 1047 2906 quo
1082 2826 1189 2889 ducere
1223 2847 1277 2888 nos

132 2933 219 3004 groela
254 2924 324 2985 vult.
383 2924 428 2983 An
461 2942 566 3002 aquam
600 2925 678 2986 inter
713 2932 741 2985 et
774 2921 912 2986 caelum?
966 2924 1025 2986 Sed
1054 2927 1089 2986 ad
1119 2945 1186 2986 aves
1214 2944 1276 2987 non

134 3022 244 3083 scribit.
289 3021 466 3100 Desperahis
489 3041 524 3082 ex
542 3023 672 3084 carmine
695 3023 772 3084 sicut
793 3024 922 3085 traditur
942 3031 1075 3104 paratum
1098 3043 1277 3104 responsum

134 3122 221 3193 dare,
252 3120 392 3199 quoniam
421 3128 537 3199 praeter
568 3141 649 3181 mare
679 3122 751 3182 nihil
782 3129 1047 3184 commemoratum
1076 3130 1152 3194 erat,
1178 3141 1278 3202 neque

133 3239 167 3281 eo
195 3218 337 3280 nimirum
370 3227 583 3297 praeparantur
610 3220 795 3299 insequentia
825 3220 875 3281 ubi
906 3221 1029 3300 insuper
1056 3240 1119 3281 non
1140 3221 1277 3300 bipartita

133 3338 181 3379 res
210 3327 256 3378 est
286 3317 337 3378 sed
360 3317 521 3395 tripartita:
545 3335 619 3379 num
650 3337 751 3399 aspera
774 3319 861 3392 saxis,
884 3337 956 3381 num
981 3338 1083 3390 mons,
1107 3337 1179 3379 num
1206 3320 1277 3380 vada

133 3417 233 3479 herbis
272 3415 433 3476 viridantia.
491 3417 550 3477 Sed
580 3418 659 3477 enim
689 3419 837 3496 praeclare
864 3421 939 3478 mter
971 3428 1124 3496 atracioque
1152 3417 1278 3497 opponi-

135 3515 217 3577 nitur
248 3513 313 3576 altis
346 3514 392 3573 vel
420 3514 523 3575 mediis
552 3516 645 3594 pelagi
676 3516 795 3577 sedibus
823 3520 861 3590 (r.
892 3515 961 3593 83);
989 3516 1089 3596 itaque
1119 3516 1198 3577 idem
1233 3524 1278 3577 est

134 3622 222 3694 atque
256 3630 349 3692 prope
382 3612 487 3685 litus·
515 3613 569 3674 hoe
604 3621 650 3675 est
688 3615 719 3674 ni
757 3615 840 3675 fallor
872 3615 951 3676 inter
982 3633 1064 3676 mare
1098 3622 1127 3676 et
1159 3623 1277 3677 terram.

134 3712 281 3774 Feliciter.
317 3711 426 3771 Amant
449 3712 528 3772 enim
551 3731 621 3774 sane
643 3713 804 3792 piscatores
828 3714 916 3776 etiam
937 3714 1032 3775 nostri
1055 3715 1146 3775 altum
1170 3713 1279 3775 evitare

135 3819 186 3873 aut
210 3808 345 3890 cymbam
369 3809 511 3871 ducentes
545 3810 651 3893 χῶρον
672 3805 706 3884 ἒς
740 3807 898 3894 εὗρύαλόν
923 3831 960 3873 τε
986 3810 1042 3873 καὶ
1070 3809 1166 3875 εὔδια
1194 3832 1278 3895 πορ-

136 3907 283 3993 φύροντα
298 3914 350 3967 aut
365 3908 527 3995 πέτρῃσιν
543 3906 744 3992 ἓφῄμεμενοι
767 3903 981 3987 &modiorum
1001 3930 1070 3972 nam
1092 3912 1186 3991 pisces
1201 3909 1278 3972 ἐπι-

135 4009 244 4086 γείους
266 4005 403 4067 meliores
427 4025 492 4067 esse
514 4008 574 4068 iarn
597 4008 768 4071 Aristoteles
791 4009 861 4070 olim
882 4014 947 4071 fuse
970 4010 1172 4090 explicaverat.
1217 4010 1278 4070 lam

135 4126 205 4169 vero
237 4114 334 4166 terrae
368 4105 479 4165 mentio
517 4115 584 4167 ante
617 4112 692 4169 irater
724 4118 876 4188 utrumque
917 4109 990 4170 adeo
1024 4109 1208 4170 desideratur
1245 4115 1279 4168 ot

136 4204 279 4268 excidisse
303 4221 365 4264 eam
394 4213 542 4282 appereat,
567 4216 596 4268 ot
623 4209 743 4288 quidem
766 4215 835 4287 post
857 4228 880 4269 v.
904 4207 953 4269 81.
1004 4209 1186 4280 Quaeramus
1208 4207 1279 4269 hinc

136 4306 200 4384 ipse
222 4321 323 4364 versus
353 4299 394 4362 82
424 4304 564 4382 quidnam
591 4307 749 4384 significet:

236 4403 344 4464 Noster
366 4408 395 4467 in
419 4413 481 4466 arte
503 4404 583 4466 labor
607 4406 731 4484 positus,
754 4424 823 4484 spes
846 4404 943 4467 omnis
966 4404 997 4465 in
1019 4403 1076 4465 illa.
