2924 5018
619 278 838 345 ...49-

155 455 320 519 luxuriante
353 455 510 517 nominum
545 457 770 520 enumeratione
803 457 879 519 inira
907 458 1051 519 molestus
1081 459 1208 540 scriptor
1233 479 1298 523 esse

155 564 274 634 pergat3
312 556 433 617 nomina
467 554 547 615 enim
578 556 664 634 ponit
685 573 748 616 non
771 557 872 618 minus
896 555 1077 618 octodeciml
1114 559 1158 620 dd
1181 558 1299 622 Lucreti

154 673 198 713 vv.
216 654 241 714 ll
258 652 319 714 759
335 661 365 715 44
381 654 402 715 V
419 653 480 713 440
504 655 757 734 comparationem
773 656 821 717 vix
839 663 885 716 est
906 656 986 735 quod
1002 657 1122 717 voceris.
1160 658 1298 721 Ceterum

155 763 257 814 crescet
277 751 323 812 bis
353 750 442 812 scribi
472 752 535 813 fere
562 754 763 815 necessarium
790 753 860 827 luit,
890 753 981 833 inque
1002 774 1030 815 v.
1053 752 1115 815 399
1137 755 1299 818 Vossianus

157 851 283 911 maxime
306 848 380 910 liber
401 851 584 929 sequendum
607 852 740 913 cernitur
762 860 861 913 autem
885 871 1003 913 summa
1024 852 1181 916 insolentia
1204 856 1295 934 scrip

155 949 228 1011 toris
250 950 340 1011 altera
363 969 420 1029 qua
439 951 610 1030 pudibunde
630 952 765 1012 roborent
794 951 993 1013 construxerit
1015 952 1050 1015 ad
1073 952 1298 1024 similitudinem

156 1056 323 1110 structurae
339 1048 562 1127 etymologicae:
582 1051 695 1128 pudens
706 1051 856 1129 podorem.
893 1050 1066 1129 Purpureus
1081 1051 1178 1130 pudor
1193 1052 1301 1113 dicitur

156 1167 191 1208 eu
213 1147 378 1208 imitatione
394 1146 478 1208 Ovidi
493 1147 558 1209 dm.
574 1148 586 1208 Ι
602 1147 631 1222 3,
652 1149 705 1224 14;
729 1148 754 1208 ll
770 1149 799 1221 5,
816 1147 856 1208 34
873 1147 921 1223 (cf.
935 1148 1058 1222 44441441.Ι
1070 1149 1119 1209 144.
1135 1150 1212 1211 Ries.
1229 1149 1301 1222 217,

156 1245 198 1322 3).
234 1246 295 1306 lam
319 1263 387 1306 vero
403 1255 561 1325 postquam
578 1246 735 1308 tersiorem
751 1247 850 1308 locum
872 1246 964 1306 istum
979 1247 1138 1324 legendum
1155 1248 1300 1324 dedimus,

156 1344 187 1404 in
210 1343 306 1422 ipsam
329 1343 398 1404 artis
429 1363 485 1423 qua
516 1345 714 1424 compositum
742 1344 821 1406 istud
850 1362 970 1405 carmen
997 1344 1036 1405 sit
1068 1347 1301 1409 observationem

157 1441 363 1503 incumbamus
393 1443 493 1504 nescio
522 1461 596 1504 num
623 1442 788 1523 planiorem
818 1461 854 1503 an
878 1443 1041 1521 graviorem
1064 1463 1200 1524 quaeque
1223 1447 1301 1524 quod

158 1541 319 1619 Hauptium
342 1539 416 1617 fugit
444 1540 532 1602 limae
554 1542 686 1620 poeticae
710 1539 933 1602 observatorem
955 1542 1135 1620 singularem
1159 1562 1303 1606 nonnun-

159 1659 246 1720 quam
270 1638 348 1699 aliud
372 1637 466 1716 egisse
494 1639 537 1700 vir
559 1659 696 1701 summus
728 1657 796 1700 cum
819 1637 948 1701 Culicem
979 1641 1080 1702 ederet
1103 1641 1226 1703 dicetur.
1271 1643 1304 1704 ld

158 1738 237 1799 enim
262 1737 347 1797 istius
362 1746 467 1815 poetae
483 1737 625 1800 vocalium
643 1736 857 1798 conlidentium
873 1737 973 1798 odium
997 1737 1054 1798 fuit
1075 1747 1110 1799 ut
1125 1739 1303 1821 synaloepha

158 1837 330 1898 abuteretur
351 1834 499 1896 rarissime
523 1854 621 1916 neque
643 1835 695 1897 ubi
724 1834 901 1897 abutebatur
931 1835 999 1897 elidi
1027 1837 1138 1898 sineret
1165 1837 1222 1898 nisi
1251 1858 1305 1900 ro·

158 1934 251 1995 celem
274 1932 430 1993 brevem.
475 1933 562 1995 Nunc
583 1952 652 1995 vero
683 1951 743 1995 non
770 1933 873 2014 paucis
903 1933 976 1994 locis
1003 1933 1092 1995 etiam
1119 1936 1223 2015 longae
1252 1938 1306 1999 ab·

159 2042 277 2112 sorptae
300 2030 336 2092 ab
358 2030 535 2111 insequente
557 2033 648 2094 vocali
678 2031 804 2111 syllabae
826 2032 965 2110 leguntur
986 2027 1069 2094 hiatu
1092 2033 1225 2108 duriore3
1254 2037 1305 2114 qui

160 2154 263 2197 versus
285 2141 371 2196 sunt:

282 2245 321 2306 73
347 2242 602 2324 otiaque-invidia
625 2243 782 2322 degentem
805 2259 839 2302 ao
861 2241 965 2303 fraude
985 2249 1099 2303 remota

264 2345 323 2405 140
346 2343 422 2405 llicis
445 2351 476 2403 et
498 2341 598 2420 nigrae
620 2348 650 2401 et
673 2339 787 2420 species
811 2339 938 2401 Lethaea
962 2358 1119 2420 cupressus

262 2443 323 2503 245
347 2441 413 2502 0444
437 2446 615 2520 quaerentes
636 2439 748 2501 frustra
771 2437 885 2511 situlae,
908 2438 949 2499 ite
971 2439 1087 2519 puellae

262 2541 324 2602 248
348 2541 443 2620 Atque
466 2538 537 2599 alias
559 2537 616 2599 alio
639 2537 745 2598 densas
769 2555 877 2616 supero
899 2538 1015 2617 agmine
1038 2547 1152 2599 turmas

261 2639 323 2701 266
346 2638 521 2700 Femineum
543 2636 714 2715 incorrupta
738 2635 826 2697 decus
850 2644 959 2708 manet,
983 2644 1012 2696 et
1033 2637 1138 2716 procul
1160 2637 1207 2698 illa

263 2737 324 2799 272
348 2737 409 2797 Ν44
431 2735 532 2797 timuit
555 2734 771 2814 Phlegethonta
793 2734 943 2795 furentem
966 2734 1139 2796 ardentibus
1162 2734 1250 2796 undis

263 2835 324 2896 279
348 2834 458 2896 Blanda
481 2836 553 2895 r'oce
576 2852 689 2913 sequax
709 2832 862 2912 regionem
884 2832 1032 2895 insederat
1055 2833 1165 2914 Orphei

264 2933 325 2995 380
349 2934 385 2993 Et
407 2932 579 2994 tamenestsi
604 2932 686 2993 audis
709 2931 843 2993 dimittes
865 2930 966 2992 omnia
989 2931 1086 2994 ventis

264 3031 325 3092 393
349 3032 541 3093 Gramineum
566 3039 598 3091 ut
620 3030 705 3092 viridi
728 3031 842 3091 roderet
864 3031 902 3091 de
924 3031 1051 3109 caespite
1072 3039 1207 3108 terram„

165 3149 236 3211 Vide
259 3168 349 3229 quam
376 3149 552 3227 inprospere
579 3165 644 3207 rem
673 3145 797 3225 gesserit
819 3143 974 3206 hominurn
998 3145 1238 3208 doctissimorum
1263 3166 1310 3208 sa-

105 3235 108 3239 ’
163 3249 282 3327 gaeitas.
321 3247 439 3308 Scilicet
461 3264 531 3307 casu
552 3245 663 3306 factum
687 3263 754 3306 esse
777 3243 843 3324 quis
867 3244 968 3306 credet
990 3245 1069 3323 quod
1092 3263 1196 3306 versus
1218 3244 1257 3305 illi
1280 3245 1311 3306 in

81 3336 83 3339 ¹
164 3347 246 3410 libris
270 3345 480 3424 manuscriptis
497 3362 602 3405 omnes
616 3344 680 3405 fere
702 3344 739 3404 ad
762 3360 857 3404 unum
880 3361 913 3404 sc
936 3343 1065 3404 oderunt
1085 3341 1170 3403 nitidi
1193 3351 1222 3403 ct
1245 3343 1311 3422 puri

165 3454 195 3507 et
217 3445 314 3505 hiulca
342 3443 477 3504 lectionis
500 3441 635 3504 molestia
663 3437 771 3503 liberi?
808 3440 899 3518 lgitur
925 3440 1140 3504 recurrendum
1162 3441 1198 3501 ad
1220 3441 1312 3502 libros

165 3544 221 3606 erit
243 3541 448 3621 utendumque
470 3541 505 3602 ad
529 3559 627 3602 veram
654 3540 812 3602 lectionem
838 3539 881 3601 via
903 3539 1038 3601 rectiore.
1084 3539 1312 3601 Restituendum

165 3643 197 3703 in
220 3660 246 3702 r.
265 3640 304 3701 73
327 3661 343 3702 4
366 3640 441 3701 libro
466 3639 591 3700 maxime
616 3638 774 3701 Vossiano:

370 3750 497 3830 (itiaque
519 3750 691 3811 invidiae
715 3749 873 3830 degentem
896 3748 1214 3827 l1rauderemota3

169 3866 200 3927 in
224 3885 252 3927 v.
270 3865 330 3926 149
353 3863 404 3925 ubi
426 3863 570 3923 traditum
593 3871 652 3925 est:

368 3961 445 4022 llicis
470 3969 499 4022 et
522 3960 623 4040 nigrae
646 3961 760 4042 species
783 3970 812 4023 et
834 3962 909 4023 laeta
931 3979 1100 4041 cupressus,

169 4075 315 4155 scriptum
339 4075 426 4154 plane
448 4073 563 4133 fuerat:

371 4186 447 4247 llicis
471 4193 500 4247 et
523 4185 624 4264 nigrae
646 4186 760 4265 species
783 4205 839 4247 nec
860 4186 935 4247 laeta
958 4203 1127 4267 cupressus,

170 4299 280 4360 idest:
306 4306 341 4359 et
362 4298 456 4360 tristis
478 4315 651 4378 cupressum
680 4298 756 4359 sicut
779 4317 803 4360 e.
821 4318 848 4376 g.
893 4299 1064 4378 Propertius
1079 4296 1120 4357 lll
1136 4294 1186 4371 28,
1203 4296 1244 4358 52
1266 4315 1318 4358 nec

166 4399 260 4478 probe
276 4397 413 4478 Pasiphae
435 4416 504 4477 pro:
528 4405 558 4458 44
573 4397 706 4478 improba
724 4396 876 4478 Pasiphae.
912 4397 1011 4458 Genus
1027 4404 1125 4458 autern
1141 4395 1198 4456 hoc
1213 4410 1317 4458 emen·
1387 4465 1391 4470 g

200 4495 290 4549 Birt,
306 4494 335 4540 de
349 4495 495 4541 halieuticis.
1142 4498 1159 4549 4
