2924 5018
606 212 850 276 -152-

155 389 342 473 πωλοῦντες
367 384 497 472 ἥδισται
521 391 594 452 baso
615 388 813 451 transcribere
834 387 983 467 interpres
1006 385 1186 466 supersedit
1210 386 1318 449 similis

155 491 208 553 loci
229 491 400 552 recordatus
423 484 473 550 b'r.
488 506 516 568 p.
533 489 663 550 stlat
686 505 815 567 eumque
837 485 951 548 rettulit
972 486 1052 547 bunc
1075 484 1111 546 in
1133 485 1288 547 modum:

154 613 416 694 pinguescunt,
444 621 479 674 et
500 612 536 674 in
571 619 710 674 tantum
739 608 1052 692 διαρρήννννται
1092 606 1139 671 δὲ
1172 608 1248 671 καί
1279 606 1317 673 oi

155 721 191 787 ut
244 710 452 786 dehiscant3
487 710 579 789 xvita
627 711 712 772 lon·
740 706 882 772 θύννοι
913 703 1089 790 ὑπὸτῆς
1114 705 1315 792 πιμελῆς·

154 810 308 891 gissima
330 810 386 871 bis
409 808 543 872 bienni.
743 805 836 880 ζῶσι
864 802 900 871 δ’
927 805 992 890 ἔτι]
1018 801 1097 870 δύο.

154 940 266 1005 Deinde
289 928 359 1002 vero
381 941 418 1003 ad
440 932 490 1003 br.
512 960 540 1021 p.
562 939 665 1002 boun
686 939 727 1001 27
751 959 849 1002 sermo
872 939 1012 1002 declinat:
1045 957 1136 1021 quam
1175 936 1311 1001 fabulam

155 1040 246 1103 miror
269 1057 330 1101 nou
353 1039 395 1101 sic
417 1038 518 1101 induci
540 1057 556 1100 a
579 1038 688 1101 Plinio:
713 1038 806 1101 Asilio
828 1034 940 1100 animal
960 1048 1001 1101 est
1018 1053 1147 1118 parcam
1164 1055 1237 1117 eqs.

239 1139 301 1201 lam
326 1156 394 1200 vero
416 1138 558 1200 sistamus
580 1138 701 1218 podem3
735 1155 804 1200 nam
837 1137 869 1199 in
902 1136 1051 1199 inlinitum
1068 1130 1220 1218 'expandi
1255 1134 1310 1199 ista

154 1244 298 1318 poterunt
333 1256 430 1318 neque
463 1248 564 1299 tamen
591 1255 646 1298 nos
668 1237 782 1299 infinita
805 1236 953 1299 molimur.
999 1234 1032 1297 ld
1054 1253 1125 1297 vero
1148 1235 1228 1299 satis
1250 1234 1308 1297 iam

154 1344 342 1416 perspectum
366 1331 487 1398 babebis
512 1344 596 1397 caute
620 1334 668 1396 edi
689 1335 817 1397 Plinium
840 1353 902 1396 non
924 1353 1013 1415 posse
1036 1333 1093 1395 nisi
1116 1333 1153 1396 ad
1177 1333 1309 1397 verbum

156 1452 225 1494 cum
246 1433 417 1495 auctoribus
441 1433 503 1494 suis
527 1440 674 1513 quatenus
696 1439 813 1495 exstant
834 1439 1053 1513 comparatum3
1082 1430 1178 1494 'veluti
1216 1432 1307 1495 etiam

156 1531 397 1594 ad--adornanda
421 1531 509 1593 verba
525 1531 564 1594 lX
581 1531 636 1594 58:
664 1531 850 1611 fluviatilium
882 1531 991 1593 silurus
1019 1530 1168 1593 caniculae
1198 1542 1307 1595 exorta

155 1630 301 1692 rideretur
323 1641 350 1692 et
372 1630 446 1693 alias
466 1649 577 1710 semper
602 1631 722 1711 [algare
744 1633 868 1709 sopitam
900 1630 951 1691 loc
973 1640 998 1692 et
1019 1632 1052 1691 ia
1071 1633 1154 1693 mari
1173 1631 1305 1693 occidere

156 1732 273 1809 cyprino
291 1740 396 1810 potam
418 1728 584 1791 Aristotelis
607 1729 709 1808 legisse
738 1726 826 1789 rerba
848 1728 972 1791 interest
998 1747 1027 1809 p.
1044 1727 1106 1789 sot
1121 1726 1148 1789 B
1161 1726 1205 1789 20
1218 1747 1304 1811 sqq.:

155 1835 226 1899 τοῖς
255 1824 294 1891 δὲ
323 1827 549 1908 ποταμίοις
574 1819 646 1888 ’καί
676 1824 884 1908 λιμναίοις
1024 1823 1099 1889 ἴδια
1127 1821 1305 1909 νοσήματα

155 1921 317 2006 ἐμπίπτει
345 1920 417 1987 οἷον
441 1920 581 2002 ricimer
607 1919 683 1987 ὑπὸ
710 1921 804 1988 κύνα
828 1919 974 2007 μάλιστα
999 1921 1116 1987 διὰτὸ
1136 1925 1304 2008 μετέωρος

155 2031 227 2085 νεῖν
253 2014 475 2105 ἇστροβίής
500 2045 539 2084 τε
571 2025 726 2100 γίνεται
757 2021 821 2084 καί
851 2018 930 2086 ὑπὸ
956 2021 1120 2106 βροντῆς
1148 2022 1304 2108 νεανικῆς

156 2121 360 2202 saporivae.
413 2117 563 2200 πάσχει
604 2114 647 2184 δέ
685 2141 781 2184 ποτε
820 2121 937 2205 τοῦτο
977 2118 1044 2183 καὶ
1081 2110 1303 2204 abnorme,

155 2210 270 2301 ἦττον
292 2215 347 2291 δὲ;
376 2222 478 2301 itaque
500 2220 572 2283 illud
595 2222 673 2302 quod
698 2230 743 2283 est
764 2224 796 2283 ia
817 2225 895 2283 mari
915 2221 995 2302 quod
1025 2240 1129 2302 graece
1164 2238 1228 2284 non
1252 2240 1306 2283 ex-

154 2318 294 2400 primitur
316 2319 392 2381 bene
415 2327 469 2394 est,
491 2338 588 2399 neque
611 2320 690 2381 enim
713 2327 829 2399 poterat
850 2320 937 2383 scribi
960 2318 997 2382 ab
1012 2319 1062 2382 illo
1079 2319 1131 2401 qui
1145 2318 1304 2401 cyprinum

155 2418 330 2496 decantabat
352 2435 414 2480 uon
436 2419 583 2498 pelagium
606 2419 658 2481 sed
673 2418 850 2481 fluviatilem.
895 2417 1082 2481 Acutioribus
1105 2429 1305 2483 renascentur

156 2517 187 2578 ni
210 2516 310 2577 fallor:
332 2516 383 2577 boa
397 2527 423 2577 et
438 2520 553 2579 interim
568 2518 693 2579 occidere
709 2520 826 2597 cyprino
838 2527 958 2598 pateam
981 2517 1073 2579 scitur
1088 2515 1167 2578 enim
1185 2516 1305 2580 interim

155 2634 210 2694 pro
233 2615 377 2676 interdum
399 2615 462 2676 istis
485 2614 629 2695 placuisse
652 2614 862 2695 scriptoribus3
884 2616 953 2677 nolo
975 2624 1074 2677 autem
1096 2615 1206 2679 iterare
1227 2635 1305 2697 quae

159 2713 196 2775 ‹le
211 2712 267 2775 boc
281 2713 346 2774 loco
368 2712 520 2794 llontigny
535 2734 562 2794 p.
580 2712 621 2776 68
643 2714 826 2788 coniectent,
850 2714 962 2794 cyprini
976 2715 1056 2776 illam
1072 2720 1162 2795 atque
1178 2714 1306 2778 Homeri

155 2811 296 2874 virtutem
319 2812 470 2874 affectans.

241 2909 344 2970 Exstat
376 2916 476 2971 autem
509 2910 602 2990 ipsius
636 2911 725 2989 Trogi
759 2911 962 2990 fragmentum
993 2911 1113 2993 aliquod
1150 2912 1306 2994 copiosius

157 3008 234 3088 apud
257 3007 384 3068 Plinium
402 3006 534 3084 x12743
567 3010 646 3088 quod
680 3010 730 3090 qui
764 3019 899 3072 accurate
932 3029 1000 3072 cum
1032 3009 1193 3074 Aristotele
1229 3030 1305 3075 con·

156 3105 284 3167 teuderii
307 3106 432 3167 eandem
455 3110 516 3168 lere
539 3108 724 3187 exprimendi
746 3127 847 3188 graeca
870 3119 901 3171 et
922 3110 1137 3190 comprimendi
1156 3111 1305 3176 rationem

157 3205 272 3284 qualem
305 3205 394 3267 modo
428 3206 505 3285 apud
537 3205 666 3267 Plinium
700 3207 797 3271 valere
833 3208 1102 3273 demonstravimus
1138 3229 1307 3290 agnoscere

157 3303 292 3380 debebit3
312 3303 416 3384 incipit
437 3312 536 3366 autem
560 3323 625 3367 esse
647 3301 922 3385 μετωποσιιόποςε

156 3429 275 3491 Frons
318 3429 458 3509 quibus
503 3430 566 3507 (obi
599 3429 716 3492 codices
743 3451 771 3512 p.
788 3429 931 3494 turne:
959 3430 1072 3496 τοῦτο
1100 3429 1306 3516 δὲίτὸμέ-

157 3528 235 3606 quod
268 3524 431 3608 exstirpare
463 3529 584 3609 indigne
618 3528 715 3591 baesi·
743 3529 897 3610 τωπον)
915 3526 1181 3614 οίςμὲνμέγα,
1204 3535 1306 3617 βρα-

155 3631 258 3686 tarunt
293 3627 432 3702 editores)
476 3637 534 3689 est
571 3645 714 3706 magna,
743 3625 902 3710 δίτεροι

157 3738 303 3799 segnem
349 3725 510 3787 animum
556 3724 715 3788 subesse

157 3820 371 3900 significem

157 3919 650 4000 quibusparva,mobilem;
700 3920 703 3924 ’
743 3919 801 3996 oia
827 3921 1054 4006 δίμοιρον,
1085 3919 1305 4009 εὐκίνητοι.

160 4029 275 4112 (pailas
308 4030 407 4112 plano,
443 4033 606 4112 factiosam
643 4033 716 4096 baec
742 4030 798 4095 καὶ
815 4031 866 4107 οίς
879 4032 941 4117 μὲν
954 4033 1077 4112 πλατύ,
1093 4028 1284 4103 inaccessos

156 4129 235 4191 enim
270 4136 321 4191 aut
349 4128 443 4210 ipsius
466 4130 542 4192 Plini
567 4132 715 4194 celeritate

156 4236 208 4289 aut
222 4229 411 4291 amanuensis
423 4229 633 4310 praetermissa
648 4250 714 4294 esse

155 4341 218 4387 non
239 4326 381 4390 dissimile
403 4329 463 4390 vari
485 4328 552 4409 est).
