2924 5018
611 270 983 364 -ιοο-Ι

160 451 304 511 demittere
320 449 452 510 umbram
472 447 512 508 ita
535 447 645 508 dictum
663 453 707 507 est
723 455 757 507 ut
778 447 892 508 laudem
916 446 1045 525 aliquam
1068 453 1199 508 mereret
1222 455 1312 526 poeta

160 548 286 610 multum
295 548 380 609 nobis
388 546 559 624 obiurgatus
568 547 678 626 quippe
691 552 759 624 apte
771 546 819 606 illc
830 545 961 606 imitatus
973 544 1168 623 geometricos
1176 544 1311 617 „lineum

159 647 368 708 demittentes‘
383 644 508 723 (Vitruvi
519 644 557 705 111
569 645 598 718 5,
611 645 654 724 5).
684 644 838 722 Loquendi
855 663 927 706 usus
948 643 1143 723 scriptoribus
1166 662 1309 705 commn-

158 746 205 807 nis
222 744 271 806 hic
286 744 364 824 quod
380 743 542 822 gaudent
565 743 703 822 aquatilia
717 743 820 822 pelago
836 743 879 804 vel
902 743 1093 804 laetantur
1114 760 1206 804 arena
1230 742 1309 823 apud

158 845 280 906 latinum
304 843 468 918 (laetantur
490 841 568 902 enim
591 859 618 900 v.
647 841 705 901 118
728 848 808 902 recte
837 840 977 902 scribitur
999 858 1052 919 pro
1080 859 1115 901 co
1139 841 1222 920 quod
1246 850 1310 902 tra·

159 943 238 1004 ditm
267 941 423 1013 lustratum
451 941 532 1000 velut
553 957 580 998 v.
607 938 666 999 116
688 943 837 1000 cecitatem
871 938 943 1000 abiit
968 938 1000 998 in
1026 940 1199 1014 uomiturus)
1231 939 1311 1001 sicut

158 1037 314 1118 γάνυνται
338 1040 412 1119 Opp.
433 1039 445 1098 l
467 1037 539 1111 383,
572 1038 750 1119 τέρπονται
771 1038 810 1098 111
831 1037 892 1097 415
915 1045 1005 1116 atque
1038 1037 1145 1098 similia
1178 1039 1310 1118 passiam

159 1148 291 1202 cetarum
318 1139 376 1200 iam
404 1137 575 1199 Aristoteles
598 1157 623 1198 e.
646 1156 673 1216 g.
697 1138 808 1218 χαίροι
837 1134 875 1198 dd
905 1133 1080 1219 πρόςγειος
1108 1131 1156 1199 ὥν
1184 1137 1309 1216 (htbcu.

159 1259 186 1318 p.
204 1239 265 1300 315
281 1239 326 1314 h).
350 1238 393 1299 lta
416 1237 495 1317 quod
511 1254 566 1316 pro
591 1252 695 1297 maena
718 1235 825 1314 legitur
837 1254 928 1315 penus
941 1253 1061 1297 moesus
1077 1235 1130 1297 Ov.
1148 1236 1221 1310 120,
1246 1253 1308 1298 nun

159 1338 243 1400 aliter
264 1336 396 1416 loquitur
417 1336 579 1416 Oppianus,
603 1354 628 1395 e.
644 1353 673 1412 g.
694 1352 718 1394 v.
739 1334 751 1393 l
775 1333 832 1393 174
855 1342 887 1394 st
911 1334 968 1394 171
993 1342 1024 1394 et
1048 1333 1119 1407 183,
1144 1332 1222 1407 184;
1246 1352 1307 1396 non

160 1436 243 1497 aliter
265 1432 431 1496 Numenius
464 1433 494 1494 in
529 1434 694 1512 fragmento
728 1431 808 1512 quud
836 1431 1041 1493 exhibebimus
1063 1431 1150 1493 XVII.
1194 1431 1308 1494 Nomia

158 1534 247 1614 piscis
268 1535 309 1596 ibi
332 1534 414 1596 audit
428 1532 495 1612 (Ov.
514 1532 586 1608 134)
608 1531 659 1593 ubi
683 1532 811 1593 maxime
827 1539 974 1593 moratur:
996 1532 1048 1592 tali
1070 1531 1224 1594 locutione
1246 1531 1306 1594 iam

159 1650 230 1694 usus
246 1634 454 1696 Archestratus
471 1639 515 1693 est
541 1628 664 1692 ἔστιδὲ
686 1628 800 1702 κεδνὸς
822 1624 883 1692 κάν
905 1630 1054 1713 πορθμῷ
1069 1631 1177 1692 Athen.
1194 1629 1307 1706 stom

158 1727 254 1814 κεδνὴ
277 1728 391 1793 δὲκαὶ
413 1724 493 1812 αὐτή
515 1729 607 1790 3204
627 1728 763 1806 (325Ε);
793 1727 877 1789 κατὰ
899 1725 1054 1790 Χαλκίδα
1073 1726 1193 1812 κεδνήν
1211 1729 1306 1792 2888

158 1831 295 1911 (330h)3
318 1831 354 1892 ci.
372 1829 477 1904 311F3
500 1829 539 1889 ita
562 1848 586 1888 e.
604 1847 631 1907 g.
649 1827 760 1889 Plinius
785 1845 905 1907 quoquc
919 1826 959 1888 111
975 1827 1033 1902 6ος
1055 1827 1211 1908 Oppianus
1234 1846 1307 1890 vero

157 1930 328 1992 huiusmodi
350 1927 492 1990 stationes
521 1927 620 1988 minus
655 1927 777 1988 curavit.
822 1926 1089 1988 Praeclarissimam
1124 1944 1194 1988 vero
1228 1927 1308 1991 huuc

157 2046 293 2109 propono
316 2027 452 2088 Ovidium
476 2026 556 2087 inter
578 2034 609 2086 et
630 2025 798 2106 Oppianum
823 2024 1056 2086 similitudinem.
1095 2024 1198 2106 lpsum
1222 2026 1305 2090 enim

157 2130 189 2190 in
210 2146 237 2188 v.
253 2125 294 2188 92
316 2122 485 2207 χωρισμὸν
506 2132 552 2186 tot
573 2124 621 2186 ille
643 2143 677 2187 ac
698 2124 806 2187 talibus
829 2123 925 2186 verbis
948 2134 1119 2206 praeparat:

257 2237 461 2318 Discripsit
483 2238 568 2300 sedes
591 2238 669 2300 varie
691 2245 795 2300 natura
818 2237 958 2318 profundi

257 2337 282 2399 N
291 2356 328 2399 ec
351 2344 503 2400 cunctos
524 2356 594 2399 una
616 2336 710 2398 voluit
732 2336 949 2399 consistere
971 2336 1085 2417 pisces3

258 2436 343 2498 llam
365 2437 496 2516 gaudent
519 2455 580 2517 eqs.

157 2565 254 2627 verbis
282 2565 405 2627 totidem
441 2565 613 2646 eisdemque
647 2565 709 2626 fere
740 2565 819 2627 idem
854 2564 1024 2644 adgreditur
1058 2582 1181 2646 graecus
1216 2574 1307 2649 poeta

157 2664 297 2745 lO3sq.:

251 2775 407 2860 Ἰχθύσι
432 2777 493 2861 μὲν
518 2773 613 2862 γενεή
639 2801 674 2841 τε
699 2775 755 2840 καὶ
778 2773 867 2860 ἤθεα
892 2777 948 2840 καὶ
974 2774 1102 2860 πόρος
1128 2773 1264 2863 ἅλμης

257 2873 459 2960 κέκριται,
481 2873 573 2940 οὐδέ
597 2900 635 2939 ιι
659 2877 764 2938 πᾶσι
784 2875 909 2958 νομαὶ
930 2869 1130 2941 νεπόδεσσιν
1152 2870 1308 2959 ὁμοίαν.

258 2974 292 3039 οἱ
317 2975 378 3059 μὲν
403 2975 476 3057 γὰρ
500 2996 559 3056 eqs.

157 3108 296 3172 Versibus
314 3126 386 3170 usus
401 3116 525 3188 uterque
541 3104 676 3183 duobus3
699 3107 812 3188 primus
835 3107 955 3189 utrique
978 3126 1083 3170 sensus
1106 3106 1307 3171 affirmativus

156 3209 290 3290 ponitur,
325 3209 431 3270 deiude
463 3225 516 3288 per
550 3207 739 3286 negationem
774 3207 893 3287 utrique
915 3207 1070 3270 fortiorem
1093 3224 1200 3269 sensus
1223 3207 1307 3269 idem

156 3311 295 3384 iteratum
324 3309 433 3370 deinde
454 3308 555 3369 rocula
578 3316 705 3386 uterque
728 3307 773 3368 vel
795 3325 865 3369 oum
888 3308 931 3367 vel
954 3305 1017 3387 γὰρ
1040 3307 1218 3387 divisionem
1241 3307 1308 3387 pis·

157 3409 236 3470 cium
259 3407 401 3470 adnectit.
437 3407 498 3467 lam
514 3423 616 3468 nonne
633 3406 684 3466 uni
699 3405 805 3484 cuique
820 3425 836 3465 e
851 3405 982 3466 tenebris
997 3405 1081 3484 quasi
1103 3412 1135 3466 et
1156 3404 1307 3467 oblivione

158 3515 289 3586 emerget
305 3506 452 3568 halieutici
468 3504 591 3568 alicuius
607 3503 675 3567 libri
698 3504 796 3582 imago
812 3503 862 3583 qui
884 3504 908 3565 si
932 3503 1031 3565 minus
1047 3503 1081 3565 ad
1104 3502 1304 3565 imitationem

157 3606 209 3667 sed
232 3604 266 3665 ad
290 3604 518 3666 aemulationem
541 3611 642 3664 tamen
665 3609 768 3682 poetas
790 3600 984 3664 excitaverit?

240 3703 337 3781 Atque
359 3702 418 3763 iam
441 3703 473 3762 in
494 3701 592 3779 ipsum
610 3699 792 3779 profundum
816 3710 846 3762 et
868 3701 902 3761 ad
919 3701 1045 3780 piscium
1068 3700 1154 3762 sedes
1177 3699 1306 3763 descen·

157 3801 270 3862 damus.
316 3799 445 3860 Plurima
467 3797 588 3858 nomina
612 3797 734 3858 Ovidius
757 3798 813 3860 sub
836 3798 959 3878 pelagi
987 3798 1084 3859 indice
1106 3798 1213 3878 posuit.
1258 3800 1305 3862 hd

158 3918 233 3980 quos
255 3897 384 3979 pelagios
406 3896 558 3976 pertinere
581 3897 708 3958 maxime
738 3897 760 3958 ii
790 3896 929 3959 videntur
950 3898 1001 3977 qui
1023 3897 1054 3959 in
1076 3897 1140 3977 ipso
1164 3898 1224 3958 alto
1248 3899 1305 3960 de·

156 4007 236 4078 gant,
260 3997 310 4077 qni
333 3995 504 4057 scribuntur
518 3996 596 4076 apud
612 3995 776 4076 Oppianum
795 3996 806 4056 1
825 3994 899 4070 179;
921 4004 1010 4075 atque
1033 3997 1162 4076 thynnos
1188 3997 1303 4076 gladios

156 4097 300 4177 hippuros
323 4112 399 4175 quos
421 4093 468 4154 hie
490 4094 643 4174 Oppianus
665 4094 768 4155 scribit
790 4094 911 4154 Ovidius
941 4112 1061 4173 quoque
1089 4093 1207 4166 scribit,
1239 4112 1302 4156 non

157 4194 260 4257 scribit
282 4188 453 4277 πρηνοίδας
474 4194 609 4274 κυβείας
631 4191 745 4264 κολίας
766 4189 928 4264 σκυτάλας
954 4187 1117 4275 ὀρκύνους.
1151 4192 1213 4254 lam
1236 4212 1302 4256 rne-

158 4293 301 4356 morabile
322 4292 380 4353 boc
394 4291 528 4363 dixerim,
551 4291 631 4372 quod
648 4288 760 4370 ξιφίαι
775 4290 853 4370 apud
876 4290 1001 4352 alterum
1025 4299 1170 4353 vocantur
1191 4289 1302 4374 φοροί-

157 4412 265 4474 ννμοι,
299 4391 377 4471 apud
407 4391 533 4454 alterum
561 4390 624 4469 ipsa
648 4390 742 4469 graeci
765 4390 894 4452 nominis
918 4390 1072 4470 explicatio
1094 4389 1222 4453 adicitur
1242 4394 1303 4454 ίσιι
