2924 5018
585 307 830 370 -197-

139 484 347 547 molestissima
391 484 540 564 diligentia
591 484 711 546 vocibus
754 484 1031 568 circumscripsisset
1074 486 1188 550 duabus
1231 496 1282 550 aut

138 601 242 664 parum
270 583 345 665 aptis
372 591 423 645 aut
450 585 539 646 etiam
570 583 686 664 ineptis.
730 585 789 646 hut
810 593 949 666 corrupta
975 586 1062 648 lectio
1085 584 1209 649 dicenda
1232 594 1283 649 aut

138 682 179 745 ita
200 682 410 763 distinguenda
433 691 494 745 est:

539 821 596 895 Qui
620 839 681 882 non
704 820 907 885 moderabitur
928 823 998 896 irae,

238 922 384 983 lnlectum
410 920 488 982 volet
509 939 575 982 esse
598 920 692 992 dolor,
715 920 795 1000 quod
817 921 953 992 suaserit,
976 928 1006 982 et
1027 939 1112 983 mens

238 1021 313 1083 llum
335 1038 447 1101 poenas
469 1020 538 1082 odio
561 1038 615 1100 per
639 1019 697 1081 vim
720 1018 841 1081 festinat
862 1020 968 1083 inulto.

237 1119 282 1180 lra
304 1117 389 1181 luror
410 1117 509 1180 brevis
531 1125 586 1180 est.
631 1118 773 1180 Animum
795 1137 873 1196 rege.

138 1282 255 1344 Scilicet
275 1281 354 1362 quod
378 1280 538 1343 iracundus
567 1280 638 1362 (qui
666 1281 726 1343 irae
749 1297 810 1342 non
831 1281 1054 1362 moderabitur)
1082 1282 1221 1356 suaserit,
1252 1282 1281 1344 id

137 1392 240 1462 postea
265 1380 376 1441 dolor
397 1380 540 1441 infectum
558 1399 623 1442 esse
639 1379 716 1441 volet
731 1386 820 1460 atque
835 1398 920 1441 mens
942 1379 1007 1461 ipsa
1023 1381 1093 1458 (hoc
1114 1389 1174 1443 est:
1198 1382 1282 1444 dolor

138 1489 238 1543 mente
259 1480 444 1561 recuperata)
466 1479 537 1542 dum
566 1478 634 1541 odio
662 1478 757 1541 inulto
780 1497 923 1560 poenas
946 1479 1016 1542 dare
1039 1479 1172 1561 pervim
1197 1480 1281 1543 lesti-

138 1589 218 1644 nant.
256 1580 339 1642 Haud
363 1598 449 1641 secus
471 1599 504 1640 se
526 1598 591 1640 rem
614 1579 763 1659 accepisse
779 1578 942 1660 Porphyrio
965 1579 1030 1660 ipso
1045 1580 1183 1643 lcrnmatc
1205 1589 1281 1644 atte-

136 1689 241 1744 statur.
285 1678 415 1741 Sooserit
437 1679 534 1740 minus
558 1687 744 1759 expectatum
768 1677 907 1741 Horatius
931 1698 984 1760 pro
1006 1681 1116 1761 secerni.

222 1781 280 1842 Sed
309 1787 440 1842 mentem
462 1779 532 1841 dum
555 1787 651 1841 sector
678 1778 776 1841 inania
809 1787 911 1860 captor
946 1779 1091 1862 propositi
1114 1778 1279 1859 obliviscor.

136 1881 179 1943 nd
203 1888 296 1942 artem
312 1876 420 1939 Tibulli
442 1877 625 1940 attendimus
649 1877 812 1940 metricam.
849 1878 984 1941 Attendit
1006 1879 1042 1940 ad
1066 1897 1130 1941 cam
1146 1878 1279 1959 Zingerle

136 1998 272 2061 quoque,
302 1979 352 2040 sed
382 1976 492 2049 obiter,
524 1976 603 2058 quod
632 1995 701 2039 vero
724 1977 891 2041 observavit
911 1977 944 2040 in
966 1997 994 2060 p.
1011 1977 1063 2054 76,
1090 1978 1120 2040 id
1142 1977 1279 2041 ordinem

136 2077 279 2141 librorum
309 2077 381 2138 meis
404 2075 504 2156 potius
533 2074 665 2137 numeris
695 2076 922 2165 convenientem
950 2077 1149 2153 oonlirmavit;
1175 2087 1280 2158 penta-

136 2177 224 2239 metri
252 2177 332 2239 enim
363 2174 619 2257 penthemimeren
650 2174 778 2254 priorem
807 2175 996 2256 spondiacam
1026 2185 1118 2238 totam
1148 2174 1280 2240 Tibullus

136 2277 220 2338 finxit
241 2275 273 2338 iu
294 2274 396 2337 librol
419 2275 510 2336 semel
531 2273 611 2335 inter
633 2271 651 2335 8
673 2275 861 2336 hexametros
884 2273 936 2354 (51
954 2275 1109 2355 exempla),
1133 2276 1150 2336 l.
1166 2276 1191 2337 ll
1207 2277 1279 2338 item

135 2377 227 2438 semel
240 2375 320 2438 inter
335 2373 354 2436 8
372 2372 424 2450 (27
441 2377 509 2452 erc),
525 2373 542 2434 l.
560 2371 597 2434 lV
608 2370 692 2431 2-r
709 2382 740 2434 et
756 2371 794 2433 13
807 2391 850 2452 sq.
875 2374 967 2435 semel
988 2373 1068 2436 inter
1084 2371 1200 2454 bsslll
1212 2375 1279 2456 cn).

135 2475 244 2538 Contra
272 2473 417 2554 Sulpiciae
446 2469 666 2553 epigrammatia
681 2471 717 2533 tv
733 2471 838 2533 8-12
866 2472 991 2535 eandem
1018 2472 1162 2553 praebent
1190 2476 1281 2537 semel

135 2574 166 2637 in
189 2573 241 2660 ΨΑ
271 2573 303 2652 (6
325 2577 392 2651 en),
421 2572 588 2653 Lygdamus
617 2571 708 2633 semel
735 2571 767 2633 in
791 2570 809 2631 4
837 2569 891 2652 (36
915 2574 983 2648 erc).
1036 2572 1144 2635 Tibulli
1178 2581 1277 2638 autem

136 2691 253 2738 carmen
269 2671 316 2734 13
340 2672 420 2752 quod
443 2670 678 2733 vetustissimum
711 2689 776 2732 csse
807 2671 973 2751 suspicatus
1001 2690 1068 2733 sum
1102 2672 1192 2735 etiam
1223 2673 1278 2736 hac

134 2773 165 2836 in
198 2791 230 2836 re
263 2771 402 2834 omnibus
430 2770 603 2833 Tibullianis
638 2770 782 2833 vincitur:
819 2768 937 2834 exhibet
970 2770 1050 2834 enim
1084 2771 1275 2852 spondiacam

135 2870 390 2954 penthemimeren
414 2878 520 2951 quater
542 2869 662 2933 deciens
684 2870 729 2932 vel
751 2870 844 2931 semel
869 2869 899 2932 in
916 2867 973 2940 3¹1,
989 2869 1109 2946 (deinde
1124 2869 1137 2932 1
1152 2872 1172 2931 4
1186 2871 1278 2934 semel
1372 2896 1382 2922 ν

134 2972 167 3034 in
190 2971 260 3047 4²l³3
283 2969 445 3050 elegantior
460 2969 471 3031 l
487 2969 530 3045 9).

219 3070 321 3152 ltaque
343 3070 413 3130 dum
437 3068 503 3150 quis
526 3067 660 3148 graviora
676 3068 810 3151 opinioni
834 3067 999 3132 contrariae
1015 3067 1167 3146 obtendet,
1190 3077 1274 3132 stan-

134 3171 204 3233 dum
228 3168 264 3231 ab
287 3169 341 3230 hac
363 3187 427 3231 mea
457 3168 513 3230 erit
535 3186 610 3249 quac
632 3167 720 3231 etiam
742 3168 805 3249 ipsa
827 3185 860 3230 re
883 3167 1011 3231 maxime
1034 3168 1275 3232 commendatur:

132 3270 230 3353 ipsum
263 3267 412 3330 Tibullum
450 3266 524 3329 duos
561 3274 676 3330 tanturn
709 3267 800 3329 libros
837 3266 1001 3346 publicasse
1035 3267 1144 3350 (neque
1175 3269 1275 3349 plures

133 3367 255 3432 Ovidius
277 3386 310 3429 se
337 3364 507 3447 cognovisse
534 3365 671 3446 testatur)
704 3366 884 3446 cosdemque
911 3365 979 3429 ideo
1008 3366 1095 3430 etiarn
1118 3365 1276 3448 primarios

131 3466 245 3530 fructus
272 3465 342 3530 artis
372 3484 438 3528 esse
460 3463 658 3537 Tibullianae,
692 3472 757 3527 tum
781 3464 944 3526 Heroidum
971 3468 1033 3528 lere
1064 3463 1274 3530 Ouidianarum

131 3576 266 3648 tempore
293 3566 374 3628 lusus
397 3563 536 3646 Lygdami
559 3583 625 3626 csse
647 3564 791 3638 adiectos,
824 3570 912 3646 atque
945 3571 1015 3645 post
1045 3564 1126 3628 hunc
1154 3566 1275 3629 demum

132 3665 270 3746 reliquias
306 3665 464 3727 nonnullas
500 3662 607 3726 Tibulli
655 3681 714 3725 una
753 3682 821 3726 curn
855 3662 1001 3744 Sulpiciae
1037 3663 1203 3745 elegidariis
1239 3666 1272 3728 in

131 3765 241 3828 librum
263 3765 392 3827 adlectas
414 3764 606 3844 redactasque
629 3782 695 3827 esse
717 3760 856 3826 ultimum
880 3762 1011 3845 cognitas
1033 3782 1085 3826 eas
1105 3771 1140 3828 ut
1160 3764 1275 3829 ridetur

132 3882 195 3928 non
216 3872 284 3926 ante
306 3871 411 3944 poetae
434 3862 559 3926 obitum.

217 3962 401 4025 hdvocamur
417 3963 505 4025 etiarn
520 3961 679 4024 Venusinis
695 3960 840 4024 Camenis.
864 3961 1004 4024 Attamen
1019 3980 1121 4025 earum
1136 3961 1273 4025 hocloco

132 4064 177 4126 vel
204 4063 347 4144 imperata
374 4062 539 4125 obtrectare
569 4060 681 4124 malim.
724 4059 798 4123 Nam
826 4060 882 4121 Ars
904 4059 1022 4123 Poetica
1043 4059 1273 4124 Horatianorum

131 4163 273 4226 librorum
310 4161 431 4223 ultimus
465 4176 610 4222 consensu
632 4159 695 4223 lere
727 4158 899 4234 habebatur,
934 4160 1020 4239 eique
1048 4159 1155 4223 iudicio
1183 4160 1273 4224 etiam

132 4263 260 4327 metricis
276 4261 348 4324 meis
361 4260 615 4323 observationibus
628 4259 737 4323 mirum
751 4268 896 4341 quantum
914 4258 1030 4322 roboris
1043 4259 1110 4322 addi
1122 4279 1155 4322 ac
1167 4259 1273 4325 virium

132 4363 204 4426 mihi
230 4362 325 4425 visum
349 4369 395 4423 est
421 4360 477 4439 (hd
499 4360 565 4424 hex.
586 4360 636 4422 lat.
660 4359 727 4422 hist.
751 4379 780 4440 p.
797 4357 837 4422 38
855 4367 884 4422 et
903 4357 957 4433 13;
979 4360 1016 4421 cl.
1033 4378 1060 4442 p.
1079 4357 1142 4440 28).
1187 4360 1273 4423 Nunc

132 4479 201 4530 vcro
223 4481 240 4524 a
262 4479 408 4525 consensu
430 4459 486 4523 isto
506 4458 650 4524 divertere
665 4457 833 4541 hdolpbum
848 4457 1019 4525 Micbaelem
1035 4457 1119 4522 video
1140 4457 1173 4525 in
1188 4478 1270 4528 com-
