2924 5018
643 309 867 373 ..52-

179 495 344 548 servaverat
365 486 534 566 impetrare,
556 485 712 546 ridiculum
729 481 930 565 Elpenorem?
959 483 1068 544 Vellem
1085 484 1120 545 ad
1143 484 1200 544 hoc
1221 491 1326 548 atten-

179 586 293 647 dissent
316 585 443 664 epyllion
466 585 517 664 qui
539 582 660 645 fabellas
683 583 775 644 aniles
799 593 828 644 et
850 582 1065 643 nutricularum
1089 577 1242 664 μυθάρια
1263 582 1325 642 iam

178 683 356 763 conquirere
377 701 413 745 ex
435 681 609 763 antiquitate
632 700 752 760 quoque
774 687 978 760 susceperunt.
1023 680 1108 741 Tales
1132 698 1224 759 nugas
1247 699 1325 760 puc-

177 781 247 843 riles
269 801 396 862 puerum
419 781 548 843 maxime
578 781 683 841 decere
704 779 854 840 Maronem
883 778 1018 840 falsarius
1046 779 1160 858 putavit
1186 779 1238 839 sed
1265 778 1325 840 ob·

177 880 326 942 truncavit
348 880 465 952 misere,
488 878 656 940 utiniceret
671 877 939 958 praemonstrantia
955 895 988 938 os
1003 876 1061 937 boc
1082 876 1218 938 futurum
1234 894 1325 955 gran-

177 978 343 1049 dissimum.
368 977 518 1043 ,Pastoris
553 977 641 1038 vitam
674 995 728 1037 sua
760 976 817 1036 vita
850 975 995 1037 cariorem
1023 974 1080 1036 sibi
1109 974 1194 1035 duxit
1221 975 1325 1050 culex;

174 1075 267 1154 pietas
290 1077 366 1137 valet
393 1076 472 1136 inter
493 1083 655 1154 utrumque
685 1083 714 1135 et
742 1092 796 1153 par
825 1073 956 1134 officium
980 1077 1017 1148 (v.
1041 1072 1112 1134 211.
1135 1072 1207 1133 225.
1230 1071 1325 1150 231);

175 1172 365 1234 memorabile
389 1173 504 1234 videtur
533 1174 612 1253 quod
643 1181 673 1233 et
704 1188 797 1233 senex
830 1180 860 1232 et
891 1171 1046 1232 inbecillus
1079 1179 1180 1251 pastor
1213 1170 1325 1231 dicitur

175 1271 214 1347 (v.
243 1270 333 1346 388);
378 1271 599 1334 memorabilius
628 1279 657 1332 ct
687 1289 758 1331 sane
794 1288 883 1350 quam
927 1269 1036 1330 mirum
1070 1269 1140 1341 hoc,
1179 1270 1258 1349 quod
1288 1270 1324 1331 in

173 1356 244 1433 tota
258 1387 311 1431 sua
334 1370 467 1433 oratione
490 1371 574 1432 culex
599 1368 749 1430 tumulum
773 1385 835 1429 uon
865 1368 951 1447 plane
977 1367 1119 1446 postulat,
1149 1367 1199 1428 sed
1229 1365 1321 1431 etiam

173 1467 249 1547 apud
273 1467 385 1541 inferos
408 1468 560 1530 conscium
583 1475 733 1548 pastorem
749 1466 853 1526 adesse
877 1465 938 1526 vult
960 1464 998 1543 (v.
1017 1463 1094 1538 3783
1120 1464 1156 1526 of.
1172 1465 1241 1527 illud
1261 1485 1323 1545 por

173 1550 308 1647 officium*
325 1586 352 1626 v.
369 1565 460 1646 2303
491 1583 669 1646 quamquam
698 1572 799 1643 postea
827 1563 911 1644 quasi
942 1561 1086 1623 beneficio
1114 1564 1189 1625 lacto
1221 1564 1346 1642 rivere¹

171 1662 214 1725 illi
237 1664 374 1726 concedit
389 1663 477 1739 (383)
496 1672 525 1726 ct
547 1663 718 1727 adornando
745 1662 859 1723 tumulo
876 1660 961 1722 culici
983 1668 1132 1740 pastorem
1149 1661 1322 1724 satisfacere

171 1742 258 1842 poeta
281 1762 384 1825 statuit
408 1780 481 1842 „pro
505 1762 581 1823 vitae
598 1779 721 1822 munere
737 1760 851 1821 funeris
873 1759 1022 1820 officium“
1040 1758 1136 1838 (414).
1169 1759 1213 1821 dd
1234 1755 1321 1822 com·

170 1859 356 1938 parationem
366 1844 438 1921 roco
450 1860 608 1939 anguillam
621 1859 699 1920 illam
710 1858 787 1938 apud
801 1857 961 1919 Zenobium
975 1857 1010 1918 lV
1026 1856 1066 1917 64
1079 1876 1154 1937 quae
1166 1877 1182 1918 a
1194 1857 1322 1921 Cissami

172 1956 230 2018 Coo
253 1957 382 2018 debitam
402 1944 603 2020 humationem
626 1957 765 2037 postulat,
786 1966 815 2018 et
836 1958 899 2037 ipsa
916 1955 992 2017 sicut
1007 1955 1090 2017 culex
1112 1954 1187 2033 (Cul.
1201 1976 1227 2017 v.
1244 1957 1321 2038 183)

171 2055 307 2116 alumnus
328 2056 464 2117 bumuat's.
510 2055 648 2135 Legimus
672 2055 769 2116 enim:
796 2056 964 2134 Κίοσαμις
990 2052 1092 2125 Koios·
1122 2044 1215 2127 οὗτος
1236 2049 1320 2137 ἦνὸ

171 2150 459 2235 πολυθρέμματος·
483 2149 586 2236 τούτῳ
604 2152 709 2236 φασὶν
727 2149 861 2230 ἔγχελυν
876 2148 1142 2235 ἓπιφαινομένην
1156 2147 1230 2213 κατ’
1247 2150 1322 2228 ἔτος

169 2248 207 2311 τὸ
240 2249 418 2313 κάλλιστον
449 2251 515 2314 τῶν
547 2247 727 2334 προβάτων
760 2245 941 2333 ἁρπάζειν·
975 2249 1031 2310 καὶ
1064 2248 1123 2311 τὸν
1149 2251 1321 2334 Κίσσαμιν

170 2343 331 2411 ἀνελεῖν
361 2345 500 2432 αὐτήν·
531 2351 790 2432 φαινομένην
821 2346 865 2410 δὲ
892 2343 997 2432 αὐτῷ
1020 2343 1106 2410 κατ’
1130 2344 1226 2433 ὄναρ
1249 2372 1319 2412 κε-

168 2444 313 2509 λεῦσαι
337 2444 586 2530 καταθάψαι
609 2443 751 2530 αὐτήν·
780 2443 838 2509 τὸν
860 2442 896 2508 δὲ
918 2445 962 2529 μὴ
986 2444 1205 2529 φροντίζοντα
1227 2469 1318 2526 παγ-

167 2545 244 2627 γενῆ
267 2540 472 2607 ἀπολέσθαι.
516 2546 619 2625 ltaque
641 2545 797 2625 pleniorne
820 2545 917 2607 fabula
941 2544 1006 2607 talis
1029 2546 1090 2607 fere
1111 2544 1215 2609 fuerat
1233 2551 1316 2622 (nam

167 2660 240 2703 uum
262 2644 352 2706 etiam
369 2643 586 2724 complicatione
602 2642 721 2705 subsint
736 2644 854 2706 videant
869 2643 1015 2705 doctiores
1039 2644 1149 2724 quique
1167 2647 1315 2709 variorum

167 2742 344 2822 populorum
368 2741 489 2805 fabellas
511 2739 729 2822 conquiruntl‘?
754 2742 928 2805 societatem
947 2742 1076 2805 inierant
1098 2752 1201 2823 pastor
1223 2764 1317 2806 senex

167 2848 198 2900 et
218 2840 301 2902 culex
323 2841 446 2917 animab
469 2848 649 2902 convenerat
671 2841 751 2902 inter
774 2841 886 2902 amicos
908 2840 1006 2902 virere
1023 2860 1080 2902 una
1105 2852 1134 2903 et
1157 2860 1215 2911 uua
1239 2844 1316 2905 mori

167 2945 197 2998 et
219 2938 295 3000 bona
318 2945 348 2999 et
370 2939 446 2999 mala
468 2954 528 3000 una
543 2939 604 3018 pati
628 2946 657 2999 et
681 2957 769 3019 opem
791 2939 870 3000 ferre
893 2938 1028 3000 invicem.
1062 2939 1123 3000 lam
1146 2948 1227 3002 tutos
1249 2941 1314 3003 dies
1396 2977 1402 2990 ι

164 3035 249 3095 culex
277 3035 416 3114 degebam
443 3037 559 3098 homiui
589 3045 689 3099 autem
719 3037 783 3118 ipse
812 3037 943 3117 pericula
964 3038 1191 3117 praenuntiabat
1212 3040 1316 3103 leviter

162 3141 317 3213 pungente
338 3134 450 3196 aculeo.
485 3135 598 3196 Accidit
619 3142 720 3196 autom
744 3153 804 3197 uuo
828 3136 926 3216 aliquo
951 3137 998 3197 die
1021 3146 1055 3198 ut
1077 3137 1314 3201 obdormisceret

162 3238 271 3311 pastor.
317 3233 393 3294 Eum
424 3233 473 3294 ubi
496 3233 612 3294 fortius·
630 3233 736 3313 punxit
758 3236 890 3296 monitor
912 3235 1010 3296 bonus
1037 3236 1143 3298 misere
1166 3237 1312 3298 contritus

162 3337 251 3409 atque
264 3331 338 3393 adeo
354 3340 490 3394 mortuus
505 3333 656 3410 neglectus
673 3344 735 3408 est3
757 3338 873 3394 tanturn
895 3334 976 3394 enim
992 3352 1117 3396 somnus
1133 3335 1255 3409 valebat,
1278 3344 1313 3398 ut

162 3429 290 3491 amicum
308 3448 396 3491 suum
421 3437 521 3510 pastor
551 3449 589 3492 ne
617 3432 776 3511 respiceret
798 3431 927 3511 quidem.
972 3433 1109 3494 Proxima
1129 3453 1200 3494 vero
1221 3441 1312 3495 nocte

161 3527 268 3587 umbra
292 3528 392 3591 culicis
415 3536 566 3609 pastorem
595 3530 723 3610 impium
746 3530 941 3609 querimoniis
964 3530 1051 3603 adiit,
1083 3532 1227 3612 pactionis
1257 3533 1312 3594 ad·

162 3626 288 3697 monuit,
310 3645 365 3706 pro
388 3646 514 3689 munere
536 3629 613 3690 vitae
635 3646 689 3707 par
711 3628 845 3689 officium
856 3630 1065 3709 ‘expostulavit
1102 3630 1183 3690 Haeo
1205 3629 1309 3692 ultima

160 3724 241 3785 senis
264 3743 323 3786 nox
345 3725 417 3798 luit3
439 3726 464 3786 si
487 3744 576 3806 quem
601 3726 681 3788 enim
704 3745 776 3789 voce
794 3728 976 3807 compellunt
990 3727 1160 3795 deliciarum
1183 3746 1306 3791 suarum

160 3839 280 3895 manes,
310 3841 364 3902 pro
394 3823 495 3884 omine
518 3825 621 3885 mortis
644 3824 728 3886 facile
750 3827 903 3888 habeatur.
948 3827 1046 3899 Quare
1068 3826 1212 3906 postridie
1235 3827 1307 3889 dum

158 3919 206 3980 ille
229 3921 378 3982 tumulum
409 3940 500 3984 uranu
530 3924 619 3985 struit
646 3922 802 3996 imbecilla,
828 3924 929 3986 labore
958 3933 988 3986 et
1015 3925 1116 3986 dolore
1136 3925 1248 3986 fractus
1276 3933 1308 3987 et

160 4018 258 4079 subito
290 4027 443 4081 emortuus
472 4039 539 4082 esse
567 4022 663 4083 fertur
690 4030 720 4082 et
746 4022 776 4083 iu
807 4024 922 4085 tumulo
945 4024 1059 4103 positus
1089 4023 1154 4103 ipse
1177 4032 1206 4085 et
1228 4026 1306 4103 apud

161 4115 274 4178 inferos
298 4118 412 4180 deliciis
435 4120 497 4180 suis
520 4120 651 4182 adfuisse
677 4128 706 4182 et
729 4121 814 4183 testis
840 4129 870 4182 et
894 4122 1000 4183 vindex
1023 4129 1054 4183 et
1075 4122 1182 4183 socius.
1219 4122 1306 4184 Tales

156 4213 246 4293 igitur
279 4233 372 4295 nugas
403 4218 556 4297 parodicas
583 4222 645 4280 fero
673 4227 704 4280 et
732 4237 800 4280 sane
822 4237 912 4299 quam
936 4220 1078 4282 absurdas
1107 4239 1244 4301 quaeque
1268 4223 1305 4283 ad

157 4330 257 4391 regem
283 4315 488 4376 cantiunculas
510 4317 694 4378 Goetbiauae
717 4318 864 4380 adsonaut
886 4319 936 4398 qui
963 4320 1090 4398 pulicem
1121 4327 1150 4379 et
1179 4319 1306 4382 habebat

155 4420 186 4470 et
207 4410 336 4487 amabat,
359 4414 384 4475 si
406 4414 462 4476 illis
485 4415 608 4477 saeculis
631 4416 800 4479 decantatas
824 4416 964 4478 omnibus
984 4417 1077 4479 fuisse
1098 4418 1303 4490 statuerimus,
