<?xml version="1.0" encoding="UTF-8"?>
<!DOCTYPE html PUBLIC "-//W3C//DTD XHTML 1.0 Transitional//EN"
    "http://www.w3.org/TR/xhtml1/DTD/xhtml1-transitional.dtd">
<html xmlns="http://www.w3.org/1999/xhtml" xml:lang="en" lang="en">
 <head>
  <title>
</title>
<meta http-equiv="Content-Type" content="text/html;charset=utf-8" />
  <meta name='ocr-system' content='tesseract 3.04.00' />
  <meta name='ocr-capabilities' content='ocr_page ocr_carea ocr_par ocr_line ocrx_word'/>
</head>
<body>
  <div class='ocr_page' id='page_1' title='image "./dehalieuticisov01birtgoog_0230.png"; bbox 0 0 2924 5018; ppageno 0'>
   <div class='ocr_carea' id='block_1_1' title="bbox 196 792 1198 4126">
    <p class='ocr_par' dir='ltr' id='par_1_1' title="bbox 484 792 959 897">
     <span class='ocr_line' id='line_1_1' title="bbox 484 792 959 897; baseline 0 -3"><span class='ocrx_word' id='word_1_1' title='bbox 484 792 628 897; x_wconf 79' lang='lat' dir='ltr'>dudi</span> <span class='ocrx_word' id='word_1_2' title='bbox 665 792 959 897; x_wconf 80' lang='lat' dir='ltr'>Halieutrca.</span> 
     </span>
    </p>

    <p class='ocr_par' dir='ltr' id='par_1_2' title="bbox 252 1068 1097 1448">
     <span class='ocr_line' id='line_1_2' title="bbox 252 1068 1097 1150; baseline 0.004 -20"><span class='ocrx_word' id='word_1_3' title='bbox 252 1068 404 1149; x_wconf 79' lang='lat' dir='ltr'>Praecepit</span> <span class='ocrx_word' id='word_1_4' title='bbox 426 1071 557 1133; x_wconf 89' lang='lat' dir='ltr'>muudus</span> <span class='ocrx_word' id='word_1_5' title='bbox 580 1071 684 1150; x_wconf 78' lang='lat' dir='ltr'>legem,</span> <span class='ocrx_word' id='word_1_6' title='bbox 706 1068 790 1133; x_wconf 90' lang='lat' dir='ltr'>dedit</span> <span class='ocrx_word' id='word_1_7' title='bbox 812 1085 894 1131; x_wconf 87' lang='lat' dir='ltr'>arma</span> <span class='ocrx_word' id='word_1_8' title='bbox 916 1087 968 1148; x_wconf 89' lang='lat' dir='ltr'>per</span> <span class='ocrx_word' id='word_1_9' title='bbox 991 1087 1097 1133; x_wconf 80' lang='lat' dir='ltr'>omnes</span> 
     </span>
     <span class='ocr_line' id='line_1_3' title="bbox 252 1166 1091 1249; baseline 0.005 -21"><span class='ocrx_word' id='word_1_10' title='bbox 252 1166 473 1248; x_wconf 76' lang='lat' dir='ltr'>Admonuitque</span> <span class='ocrx_word' id='word_1_11' title='bbox 495 1168 552 1230; x_wconf 89' lang='lat' dir='ltr'>sui.</span> <span class='ocrx_word' id='word_1_12' title='bbox 595 1169 709 1231; x_wconf 77' lang='lat' dir='ltr'>vitulus</span> <span class='ocrx_word' id='word_1_13' title='bbox 731 1168 776 1233; x_wconf 92' lang='lat' dir='ltr'>sic</span> <span class='ocrx_word' id='word_1_14' title='bbox 795 1185 926 1249; x_wconf 88' lang='lat' dir='ltr'>namque</span> <span class='ocrx_word' id='word_1_15' title='bbox 948 1168 1091 1243; x_wconf 87' lang='lat' dir='ltr'>minatur,</span> 
     </span>
     <span class='ocr_line' id='line_1_4' title="bbox 252 1267 1093 1348; baseline 0.006 -21"><span class='ocrx_word' id='word_1_16' title='bbox 252 1267 310 1340; x_wconf 83' lang='lat' dir='ltr'>Qui</span> <span class='ocrx_word' id='word_1_17' title='bbox 332 1268 467 1331; x_wconf 88' lang='lat' dir='ltr'>nundum</span> <span class='ocrx_word' id='word_1_18' title='bbox 488 1267 565 1348; x_wconf 76' lang='lat' dir='ltr'>gerit</span> <span class='ocrx_word' id='word_1_19' title='bbox 586 1269 619 1330; x_wconf 91' lang='lat' dir='ltr'>iu</span> <span class='ocrx_word' id='word_1_20' title='bbox 641 1277 746 1331; x_wconf 90' lang='lat' dir='ltr'>tenera</span> <span class='ocrx_word' id='word_1_21' title='bbox 767 1267 826 1329; x_wconf 82' lang='lat' dir='ltr'>iam</span> <span class='ocrx_word' id='word_1_22' title='bbox 849 1284 961 1330; x_wconf 85' lang='lat' dir='ltr'>cernua</span> <span class='ocrx_word' id='word_1_23' title='bbox 984 1267 1093 1340; x_wconf 76' lang='lat' dir='ltr'>trente,</span> 
     </span>
     <span class='ocr_line' id='line_1_5' title="bbox 254 1364 1022 1448; baseline 0.005 -22"><span class='ocrx_word' id='word_1_24' title='bbox 254 1364 303 1427; x_wconf 87' lang='lat' dir='ltr'>Sic</span> <span class='ocrx_word' id='word_1_25' title='bbox 325 1365 461 1428; x_wconf 88' lang='lat' dir='ltr'>dammae</span> <span class='ocrx_word' id='word_1_26' title='bbox 483 1365 612 1447; x_wconf 77' lang='lat' dir='ltr'>lugiunt,</span> <span class='ocrx_word' id='word_1_27' title='bbox 634 1375 769 1448; x_wconf 83' lang='lat' dir='ltr'>puguant</span> <span class='ocrx_word' id='word_1_28' title='bbox 789 1367 899 1429; x_wconf 78' lang='lat' dir='ltr'>virtute</span> <span class='ocrx_word' id='word_1_29' title='bbox 920 1367 1022 1430; x_wconf 85' lang='lat' dir='ltr'>leones</span> 
     </span>
    </p>

    <p class='ocr_par' dir='ltr' id='par_1_3' title="bbox 213 1464 1085 1844">
     <span class='ocr_line' id='line_1_6' title="bbox 213 1464 1008 1546; baseline 0.009 -26"><span class='ocrx_word' id='word_1_30' title='bbox 213 1471 228 1520; x_wconf 84' lang='lat'>5</span> <span class='ocrx_word' id='word_1_31' title='bbox 255 1464 291 1525; x_wconf 84' lang='lat' dir='ltr'>Et</span> <span class='ocrx_word' id='word_1_32' title='bbox 315 1481 417 1526; x_wconf 85' lang='lat' dir='ltr'>morsu</span> <span class='ocrx_word' id='word_1_33' title='bbox 440 1465 522 1529; x_wconf 88' lang='lat' dir='ltr'>canis</span> <span class='ocrx_word' id='word_1_34' title='bbox 538 1476 574 1536; x_wconf 61' lang='lat' dir='ltr'>,et</span> <span class='ocrx_word' id='word_1_35' title='bbox 596 1467 705 1530; x_wconf 85' lang='lat' dir='ltr'>caudae</span> <span class='ocrx_word' id='word_1_36' title='bbox 727 1466 771 1529; x_wconf 92' lang='lat' dir='ltr'>sic</span> <span class='ocrx_word' id='word_1_37' title='bbox 791 1464 927 1546; x_wconf 82' lang='lat' dir='ltr'>scorpius</span> <span class='ocrx_word' id='word_1_38' title='bbox 948 1465 1008 1529; x_wconf 90' lang='lat' dir='ltr'>ictu</span> 
     </span>
     <span class='ocr_line' id='line_1_7' title="bbox 254 1563 960 1647; baseline 0.001 -22"><span class='ocrx_word' id='word_1_39' title='bbox 254 1563 472 1646; x_wconf 78' lang='lat' dir='ltr'>Concussisque</span> <span class='ocrx_word' id='word_1_40' title='bbox 493 1564 564 1629; x_wconf 84' lang='lat' dir='ltr'>levis</span> <span class='ocrx_word' id='word_1_41' title='bbox 587 1565 687 1647; x_wconf 84' lang='lat' dir='ltr'>pinnis</span> <span class='ocrx_word' id='word_1_42' title='bbox 709 1566 751 1629; x_wconf 91' lang='lat' dir='ltr'>sic</span> <span class='ocrx_word' id='word_1_43' title='bbox 773 1565 870 1629; x_wconf 85' lang='lat' dir='ltr'>evolat</span> <span class='ocrx_word' id='word_1_44' title='bbox 892 1565 960 1627; x_wconf 88' lang='lat' dir='ltr'>ales.</span> 
     </span>
     <span class='ocr_line' id='line_1_8' title="bbox 253 1661 1085 1744; baseline 0.004 -20"><span class='ocrx_word' id='word_1_45' title='bbox 253 1661 399 1725; x_wconf 87' lang='lat' dir='ltr'>Omnibus</span> <span class='ocrx_word' id='word_1_46' title='bbox 421 1664 538 1744; x_wconf 81' lang='lat' dir='ltr'>ignotae</span> <span class='ocrx_word' id='word_1_47' title='bbox 559 1665 665 1728; x_wconf 87' lang='lat' dir='ltr'>mortis</span> <span class='ocrx_word' id='word_1_48' title='bbox 687 1664 794 1741; x_wconf 63' lang='lat' dir='ltr'>timon,</span> <span class='ocrx_word' id='word_1_49' title='bbox 809 1662 949 1727; x_wconf 79' lang='lat' dir='ltr'>omuibus</span> <span class='ocrx_word' id='word_1_50' title='bbox 969 1665 1085 1729; x_wconf 85' lang='lat' dir='ltr'>hostem</span> 
     </span>
     <span class='ocr_line' id='line_1_9' title="bbox 253 1759 1009 1844; baseline 0.003 -21"><span class='ocrx_word' id='word_1_51' title='bbox 253 1759 478 1844; x_wconf 91' lang='lat' dir='ltr'>Perniciemque</span> <span class='ocrx_word' id='word_1_52' title='bbox 500 1763 602 1827; x_wconf 90' lang='lat' dir='ltr'>datum</span> <span class='ocrx_word' id='word_1_53' title='bbox 625 1765 737 1829; x_wconf 88' lang='lat' dir='ltr'>sentire</span> <span class='ocrx_word' id='word_1_54' title='bbox 760 1773 791 1827; x_wconf 89' lang='lat' dir='ltr'>et</span> <span class='ocrx_word' id='word_1_55' title='bbox 812 1770 936 1828; x_wconf 78' lang='lat' dir='ltr'>noscere</span> <span class='ocrx_word' id='word_1_56' title='bbox 958 1763 1009 1825; x_wconf 88' lang='lat' dir='ltr'>teli</span> 
     </span>
    </p>

    <p class='ocr_par' dir='ltr' id='par_1_4' title="bbox 207 1860 1198 1944">
     <span class='ocr_line' id='line_1_10' title="bbox 207 1860 1198 1944; baseline 0.006 -23"><span class='ocrx_word' id='word_1_57' title='bbox 207 1878 210 1885; x_wconf 72' lang='grc'><em>’</em></span> <span class='ocrx_word' id='word_1_58' title='bbox 253 1860 377 1942; x_wconf 80' lang='lat' dir='ltr'>Vimque</span> <span class='ocrx_word' id='word_1_59' title='bbox 399 1861 581 1944; x_wconf 87' lang='lat' dir='ltr'>modumque</span> <span class='ocrx_word' id='word_1_60' title='bbox 601 1864 658 1926; x_wconf 90' lang='lat' dir='ltr'>sui.</span> <span class='ocrx_word' id='word_1_61' title='bbox 703 1863 754 1926; x_wconf 87' lang='lat' dir='ltr'>Sic</span> <span class='ocrx_word' id='word_1_62' title='bbox 775 1871 806 1926; x_wconf 89' lang='lat' dir='ltr'>et</span> <span class='ocrx_word' id='word_1_63' title='bbox 825 1881 926 1926; x_wconf 83' lang='lat' dir='ltr'>scarus</span> <span class='ocrx_word' id='word_1_64' title='bbox 947 1871 1011 1926; x_wconf 82' lang='lat' dir='ltr'>arte</span> <span class='ocrx_word' id='word_1_65' title='bbox 1032 1864 1089 1926; x_wconf 87' lang='lat' dir='ltr'>sub</span> <span class='ocrx_word' id='word_1_66' title='bbox 1111 1865 1198 1928; x_wconf 90' lang='lat' dir='ltr'>undis</span> 
     </span>
    </p>

    <p class='ocr_par' dir='ltr' id='par_1_5' title="bbox 199 1961 1086 2441">
     <span class='ocr_line' id='line_1_11' title="bbox 199 1961 869 2042; baseline 0.007 -22"><span class='ocrx_word' id='word_1_67' title='bbox 199 1970 229 2020; x_wconf 83' lang='lat'>10</span> <span class='ocrx_word' id='word_1_68' title='bbox 253 1961 283 2022; x_wconf 88' lang='lat' dir='ltr'>Si</span> <span class='ocrx_word' id='word_1_69' title='bbox 306 1976 384 2021; x_wconf 82' lang='lat' dir='ltr'>nassa</span> <span class='ocrx_word' id='word_1_70' title='bbox 403 1977 492 2037; x_wconf 74' lang='lat' dir='ltr'>ceptus</span> <span class='ocrx_word' id='word_1_71' title='bbox 510 1971 542 2022; x_wconf 83' lang='lat' dir='ltr'>de</span> <span class='ocrx_word' id='word_1_72' title='bbox 558 1986 611 2040; x_wconf 84' lang='lat' dir='ltr'>spe,</span> <span class='ocrx_word' id='word_1_73' title='bbox 629 1974 744 2041; x_wconf 78' lang='lat' dir='ltr'>piscator</span> <span class='ocrx_word' id='word_1_74' title='bbox 760 1974 869 2042; x_wconf 76' lang='lat' dir='ltr'>etipse,</span> 
     </span>
     <span class='ocr_line' id='line_1_12' title="bbox 253 2061 1086 2145; baseline 0.006 -24"><span class='ocrx_word' id='word_1_75' title='bbox 253 2061 368 2122; x_wconf 83' lang='lat' dir='ltr'>Decidit</span> <span class='ocrx_word' id='word_1_76' title='bbox 389 2062 589 2144; x_wconf 79' lang='lat' dir='ltr'>adsutemque</span> <span class='ocrx_word' id='word_1_77' title='bbox 606 2063 674 2126; x_wconf 80' lang='lat' dir='ltr'>dele</span> <span class='ocrx_word' id='word_1_78' title='bbox 698 2064 820 2127; x_wconf 83' lang='lat' dir='ltr'>tandem</span> <span class='ocrx_word' id='word_1_79' title='bbox 842 2072 930 2145; x_wconf 87' lang='lat' dir='ltr'>paret</span> <span class='ocrx_word' id='word_1_80' title='bbox 951 2080 1058 2136; x_wconf 83' lang='lat' dir='ltr'>escam,</span> <span class='ocrx_word' id='word_1_81' title='bbox 1083 2085 1086 2093; x_wconf 93' lang='lat'>·</span> 
     </span>
     <span class='ocr_line' id='line_1_13' title="bbox 253 2160 979 2234; baseline 0.006 -14"><span class='ocrx_word' id='word_1_82' title='bbox 253 2160 320 2221; x_wconf 88' lang='lat' dir='ltr'>Non</span> <span class='ocrx_word' id='word_1_83' title='bbox 342 2160 432 2223; x_wconf 87' lang='lat' dir='ltr'>audet</span> <span class='ocrx_word' id='word_1_84' title='bbox 453 2161 542 2224; x_wconf 84' lang='lat' dir='ltr'>radiis</span> <span class='ocrx_word' id='word_1_85' title='bbox 564 2161 672 2223; x_wconf 81' lang='lat' dir='ltr'>obnixa</span> <span class='ocrx_word' id='word_1_86' title='bbox 694 2179 850 2224; x_wconf 75' lang='lat' dir='ltr'>occurrere</span> <span class='ocrx_word' id='word_1_87' title='bbox 871 2163 979 2234; x_wconf 80' lang='lat' dir='ltr'>fronte,</span> 
     </span>
     <span class='ocr_line' id='line_1_14' title="bbox 252 2258 979 2324; baseline 0.006 -5"><span class='ocrx_word' id='word_1_88' title='bbox 252 2260 381 2320; x_wconf 72' lang='lat' dir='ltr'>aversus</span> <span class='ocrx_word' id='word_1_89' title='bbox 404 2258 508 2322; x_wconf 83' lang='lat' dir='ltr'>crebro</span> <span class='ocrx_word' id='word_1_90' title='bbox 530 2260 627 2323; x_wconf 88' lang='lat' dir='ltr'>vimen</span> <span class='ocrx_word' id='word_1_91' title='bbox 651 2259 702 2322; x_wconf 88' lang='lat' dir='ltr'>sed</span> <span class='ocrx_word' id='word_1_92' title='bbox 725 2260 848 2323; x_wconf 81' lang='lat' dir='ltr'>verbcm</span> <span class='ocrx_word' id='word_1_93' title='bbox 868 2260 979 2324; x_wconf 82' lang='lat' dir='ltr'>caudae</span> 
     </span>
     <span class='ocr_line' id='line_1_15' title="bbox 254 2355 1080 2441; baseline 0.004 -23"><span class='ocrx_word' id='word_1_94' title='bbox 254 2357 368 2419; x_wconf 83' lang='lat' dir='ltr'>Laxans</span> <span class='ocrx_word' id='word_1_95' title='bbox 391 2357 583 2439; x_wconf 79' lang='lat' dir='ltr'>subsequitur</span> <span class='ocrx_word' id='word_1_96' title='bbox 604 2367 765 2440; x_wconf 86' lang='lat' dir='ltr'>tutumque</span> <span class='ocrx_word' id='word_1_97' title='bbox 786 2358 884 2423; x_wconf 85' lang='lat' dir='ltr'>evadit</span> <span class='ocrx_word' id='word_1_98' title='bbox 905 2359 937 2423; x_wconf 93' lang='lat' dir='ltr'>iu</span> <span class='ocrx_word' id='word_1_99' title='bbox 961 2355 1080 2441; x_wconf 83' lang='lat' dir='ltr'>aequor.</span> 
     </span>
    </p>

    <p class='ocr_par' dir='ltr' id='par_1_6' title="bbox 198 2457 1066 2936">
     <span class='ocr_line' id='line_1_16' title="bbox 198 2457 1052 2540; baseline 0.007 -25"><span class='ocrx_word' id='word_1_100' title='bbox 198 2463 229 2515; x_wconf 82' lang='lat'>15</span> <span class='ocrx_word' id='word_1_101' title='bbox 255 2457 334 2531; x_wconf 84' lang='lat' dir='ltr'>Quin</span> <span class='ocrx_word' id='word_1_102' title='bbox 358 2457 446 2519; x_wconf 90' lang='lat' dir='ltr'>etiam</span> <span class='ocrx_word' id='word_1_103' title='bbox 468 2457 495 2518; x_wconf 90' lang='lat' dir='ltr'>si</span> <span class='ocrx_word' id='word_1_104' title='bbox 515 2459 594 2521; x_wconf 84' lang='lat' dir='ltr'>forte</span> <span class='ocrx_word' id='word_1_105' title='bbox 617 2459 702 2530; x_wconf 89' lang='lat' dir='ltr'>alius,</span> <span class='ocrx_word' id='word_1_106' title='bbox 725 2459 776 2540; x_wconf 91' lang='lat' dir='ltr'>qui</span> <span class='ocrx_word' id='word_1_107' title='bbox 798 2459 906 2521; x_wconf 87' lang='lat' dir='ltr'>damna</span> <span class='ocrx_word' id='word_1_108' title='bbox 929 2460 1052 2533; x_wconf 89' lang='lat' dir='ltr'>notarit,</span> 
     </span>
     <span class='ocr_line' id='line_1_17' title="bbox 253 2555 1036 2629; baseline 0.005 -13"><span class='ocrx_word' id='word_1_109' title='bbox 253 2555 332 2617; x_wconf 87' lang='lat' dir='ltr'>llitis</span> <span class='ocrx_word' id='word_1_110' title='bbox 353 2555 516 2618; x_wconf 89' lang='lat' dir='ltr'>luctantem</span> <span class='ocrx_word' id='word_1_111' title='bbox 538 2575 640 2620; x_wconf 85' lang='lat' dir='ltr'>scarus</span> <span class='ocrx_word' id='word_1_112' title='bbox 661 2558 744 2620; x_wconf 91' lang='lat' dir='ltr'>hunc</span> <span class='ocrx_word' id='word_1_113' title='bbox 766 2558 797 2619; x_wconf 92' lang='lat' dir='ltr'>in</span> <span class='ocrx_word' id='word_1_114' title='bbox 818 2557 930 2620; x_wconf 84' lang='lat' dir='ltr'>rimiue</span> <span class='ocrx_word' id='word_1_115' title='bbox 953 2557 1036 2629; x_wconf 87' lang='lat' dir='ltr'>vidit,</span> 
     </span>
     <span class='ocr_line' id='line_1_18' title="bbox 253 2654 1066 2738; baseline 0.004 -23"><span class='ocrx_word' id='word_1_116' title='bbox 253 2654 353 2716; x_wconf 80' lang='lat' dir='ltr'>dversi</span> <span class='ocrx_word' id='word_1_117' title='bbox 376 2654 501 2717; x_wconf 91' lang='lat' dir='ltr'>caudam</span> <span class='ocrx_word' id='word_1_118' title='bbox 524 2673 625 2718; x_wconf 87' lang='lat' dir='ltr'>morsu</span> <span class='ocrx_word' id='word_1_119' title='bbox 647 2664 730 2718; x_wconf 85' lang='lat' dir='ltr'>tenet</span> <span class='ocrx_word' id='word_1_120' title='bbox 753 2666 843 2738; x_wconf 90' lang='lat' dir='ltr'>atque</span> <span class='ocrx_word' id='word_1_121' title='bbox 866 2657 991 2730; x_wconf 88' lang='lat' dir='ltr'>lacessit,</span> <span class='ocrx_word' id='word_1_122' title='bbox 1063 2674 1066 2679; x_wconf 89' lang='lat'>·</span> 
     </span>
     <span class='ocr_line' id='line_1_19' title="bbox 254 2753 941 2836; baseline 0.006 -22"><span class='ocrx_word' id='word_1_123' title='bbox 254 2753 353 2815; x_wconf 84' lang='lat' dir='ltr'>Donec</span> <span class='ocrx_word' id='word_1_124' title='bbox 374 2762 491 2816; x_wconf 83' lang='lat' dir='ltr'>servato</span> <span class='ocrx_word' id='word_1_125' title='bbox 513 2773 602 2836; x_wconf 89' lang='lat' dir='ltr'>quem</span> <span class='ocrx_word' id='word_1_126' title='bbox 625 2756 702 2817; x_wconf 84' lang='lat' dir='ltr'>texit</span> <span class='ocrx_word' id='word_1_127' title='bbox 723 2755 785 2818; x_wconf 87' lang='lat' dir='ltr'>cive</span> <span class='ocrx_word' id='word_1_128' title='bbox 807 2755 941 2819; x_wconf 89' lang='lat' dir='ltr'>resultet.</span> 
     </span>
     <span class='ocr_line' id='line_1_20' title="bbox 255 2852 1042 2936; baseline 0.006 -22"><span class='ocrx_word' id='word_1_129' title='bbox 255 2852 341 2932; x_wconf 86' lang='lat' dir='ltr'>Sepia</span> <span class='ocrx_word' id='word_1_130' title='bbox 364 2852 447 2915; x_wconf 88' lang='lat' dir='ltr'>tarda</span> <span class='ocrx_word' id='word_1_131' title='bbox 468 2852 564 2934; x_wconf 79' lang='lat' dir='ltr'>fugae,</span> <span class='ocrx_word' id='word_1_132' title='bbox 587 2854 670 2916; x_wconf 88' lang='lat' dir='ltr'>tenui</span> <span class='ocrx_word' id='word_1_133' title='bbox 693 2872 762 2917; x_wconf 90' lang='lat' dir='ltr'>cum</span> <span class='ocrx_word' id='word_1_134' title='bbox 784 2854 862 2917; x_wconf 77' lang='lat' dir='ltr'>forte</span> <span class='ocrx_word' id='word_1_135' title='bbox 884 2853 1042 2936; x_wconf 13' lang='lat' dir='ltr'>sub-unda</span> 
     </span>
    </p>

    <p class='ocr_par' dir='ltr' id='par_1_7' title="bbox 196 2952 1166 3414">
     <span class='ocr_line' id='line_1_21' title="bbox 196 2952 1166 3038; baseline 0.009 -28"><span class='ocrx_word' id='word_1_136' title='bbox 196 2960 228 3011; x_wconf 79' lang='lat'>20</span> <span class='ocrx_word' id='word_1_137' title='bbox 255 2952 404 3032; x_wconf 82' lang='lat' dir='ltr'>Deprensa</span> <span class='ocrx_word' id='word_1_138' title='bbox 428 2960 473 3014; x_wconf 92' lang='lat' dir='ltr'>est</span> <span class='ocrx_word' id='word_1_139' title='bbox 493 2953 551 3015; x_wconf 86' lang='lat' dir='ltr'>iam</span> <span class='ocrx_word' id='word_1_140' title='bbox 575 2953 694 3035; x_wconf 92' lang='lat' dir='ltr'>iamque</span> <span class='ocrx_word' id='word_1_141' title='bbox 716 2971 823 3017; x_wconf 85' lang='lat' dir='ltr'>manus</span> <span class='ocrx_word' id='word_1_142' title='bbox 846 2953 930 3017; x_wconf 88' lang='lat' dir='ltr'>timet</span> <span class='ocrx_word' id='word_1_143' title='bbox 951 2954 1020 3019; x_wconf 77' lang='lat' dir='ltr'>uiua</span> <span class='ocrx_word' id='word_1_144' title='bbox 1042 2956 1166 3038; x_wconf 75' lang='lat' dir='ltr'>rapacis,</span> 
     </span>
     <span class='ocr_line' id='line_1_22' title="bbox 255 3050 1009 3133; baseline 0.007 -21"><span class='ocrx_word' id='word_1_145' title='bbox 255 3050 391 3124; x_wconf 84' lang='lat' dir='ltr'>lnficiens</span> <span class='ocrx_word' id='word_1_146' title='bbox 414 3069 526 3132; x_wconf 85' lang='lat' dir='ltr'>aequor</span> <span class='ocrx_word' id='word_1_147' title='bbox 549 3053 667 3133; x_wconf 76' lang='lat' dir='ltr'>nigrum</span> <span class='ocrx_word' id='word_1_148' title='bbox 690 3053 782 3116; x_wconf 87' lang='lat' dir='ltr'>vomit</span> <span class='ocrx_word' id='word_1_149' title='bbox 804 3053 852 3116; x_wconf 80' lang='lat' dir='ltr'>illa</span> <span class='ocrx_word' id='word_1_150' title='bbox 873 3071 1009 3117; x_wconf 86' lang='lat' dir='ltr'>cruorem</span> 
     </span>
     <span class='ocr_line' id='line_1_23' title="bbox 254 3149 982 3234; baseline 0.003 -22"><span class='ocrx_word' id='word_1_151' title='bbox 254 3149 427 3232; x_wconf 76' lang='lat' dir='ltr'>Avertitque</span> <span class='ocrx_word' id='word_1_152' title='bbox 448 3149 508 3213; x_wconf 86' lang='lat' dir='ltr'>vias</span> <span class='ocrx_word' id='word_1_153' title='bbox 530 3152 633 3215; x_wconf 87' lang='lat' dir='ltr'>oculos</span> <span class='ocrx_word' id='word_1_154' title='bbox 656 3151 797 3217; x_wconf 79' lang='lat' dir='ltr'>frustrata</span> <span class='ocrx_word' id='word_1_155' title='bbox 819 3152 982 3234; x_wconf 88' lang='lat' dir='ltr'>sequentis.</span> 
     </span>
     <span class='ocr_line' id='line_1_24' title="bbox 255 3249 1031 3332; baseline 0.005 -22"><span class='ocrx_word' id='word_1_156' title='bbox 255 3249 376 3311; x_wconf 81' lang='lat' dir='ltr'>Clausus</span> <span class='ocrx_word' id='word_1_157' title='bbox 399 3258 466 3312; x_wconf 90' lang='lat' dir='ltr'>rete</span> <span class='ocrx_word' id='word_1_158' title='bbox 488 3251 587 3332; x_wconf 86' lang='lat' dir='ltr'>lupus,</span> <span class='ocrx_word' id='word_1_159' title='bbox 610 3253 744 3332; x_wconf 85' lang='lat' dir='ltr'>quamvis</span> <span class='ocrx_word' id='word_1_160' title='bbox 765 3251 880 3316; x_wconf 87' lang='lat' dir='ltr'>inmitis</span> <span class='ocrx_word' id='word_1_161' title='bbox 903 3259 933 3314; x_wconf 90' lang='lat' dir='ltr'>et</span> <span class='ocrx_word' id='word_1_162' title='bbox 954 3270 1031 3324; x_wconf 84' lang='lat' dir='ltr'>acer,</span> 
     </span>
     <span class='ocr_line' id='line_1_25' title="bbox 254 3348 891 3414; baseline 0.006 -5"><span class='ocrx_word' id='word_1_163' title='bbox 254 3348 379 3411; x_wconf 84' lang='lat' dir='ltr'>Dimetis</span> <span class='ocrx_word' id='word_1_164' title='bbox 402 3349 494 3412; x_wconf 88' lang='lat' dir='ltr'>cauda</span> <span class='ocrx_word' id='word_1_165' title='bbox 515 3349 682 3414; x_wconf 87' lang='lat' dir='ltr'>submissus</span> <span class='ocrx_word' id='word_1_166' title='bbox 703 3351 774 3414; x_wconf 91' lang='lat' dir='ltr'>sidit</span> <span class='ocrx_word' id='word_1_167' title='bbox 794 3350 891 3414; x_wconf 83' lang='lat' dir='ltr'>arenis</span> 
     </span>
    </p>

    <p class='ocr_par' dir='ltr' id='par_1_8' title="bbox 198 3449 1000 3926">
     <span class='ocr_line' id='line_1_26' title="bbox 198 3449 964 3526; baseline 0.008 -20"><span class='ocrx_word' id='word_1_168' title='bbox 198 3455 230 3506; x_wconf 81' lang='lat'>25</span> <span class='ocrx_word' id='word_1_169' title='bbox 252 3456 280 3509; x_wconf 90' lang='lat' dir='ltr'>lu</span> <span class='ocrx_word' id='word_1_170' title='bbox 298 3453 420 3524; x_wconf 81' lang='lat' dir='ltr'>foveaque</span> <span class='ocrx_word' id='word_1_171' title='bbox 439 3457 535 3526; x_wconf 75' lang='lat' dir='ltr'>iacens,</span> <span class='ocrx_word' id='word_1_172' title='bbox 557 3458 601 3510; x_wconf 80' lang='lat' dir='ltr'>ull</span> <span class='ocrx_word' id='word_1_173' title='bbox 619 3466 675 3511; x_wconf 84' lang='lat' dir='ltr'>rete</span> <span class='ocrx_word' id='word_1_174' title='bbox 693 3459 797 3511; x_wconf 78' lang='lat' dir='ltr'>lavetur</span> <span class='ocrx_word' id='word_1_175' title='bbox 814 3449 846 3512; x_wconf 86' lang='lat' dir='ltr'>in</span> <span class='ocrx_word' id='word_1_176' title='bbox 868 3467 964 3524; x_wconf 69' lang='lat' dir='ltr'>aurae,</span> 
     </span>
     <span class='ocr_line' id='line_1_27' title="bbox 255 3546 957 3630; baseline 0.001 -22"><span class='ocrx_word' id='word_1_177' title='bbox 255 3546 370 3610; x_wconf 84' lang='lat' dir='ltr'>Emicat</span> <span class='ocrx_word' id='word_1_178' title='bbox 391 3555 480 3630; x_wconf 86' lang='lat' dir='ltr'>atque</span> <span class='ocrx_word' id='word_1_179' title='bbox 502 3547 587 3609; x_wconf 87' lang='lat' dir='ltr'>dolos</span> <span class='ocrx_word' id='word_1_180' title='bbox 610 3555 677 3610; x_wconf 87' lang='lat' dir='ltr'>astu</span> <span class='ocrx_word' id='word_1_181' title='bbox 699 3546 813 3611; x_wconf 81' lang='lat' dir='ltr'>deludit</span> <span class='ocrx_word' id='word_1_182' title='bbox 833 3548 957 3612; x_wconf 88' lang='lat' dir='ltr'>inultus.</span> 
     </span>
     <span class='ocr_line' id='line_1_28' title="bbox 253 3645 1000 3727; baseline 0.003 -19"><span class='ocrx_word' id='word_1_183' title='bbox 253 3646 291 3708; x_wconf 85' lang='lat' dir='ltr'>Et</span> <span class='ocrx_word' id='word_1_184' title='bbox 314 3663 438 3708; x_wconf 84' lang='lat' dir='ltr'>murena</span> <span class='ocrx_word' id='word_1_185' title='bbox 460 3646 554 3718; x_wconf 79' lang='lat' dir='ltr'>teror,</span> <span class='ocrx_word' id='word_1_186' title='bbox 577 3645 673 3709; x_wconf 90' lang='lat' dir='ltr'>teritis</span> <span class='ocrx_word' id='word_1_187' title='bbox 694 3645 752 3709; x_wconf 86' lang='lat' dir='ltr'>sibi</span> <span class='ocrx_word' id='word_1_188' title='bbox 774 3647 893 3711; x_wconf 81' lang='lat' dir='ltr'>conscia</span> <span class='ocrx_word' id='word_1_189' title='bbox 914 3646 1000 3727; x_wconf 80' lang='lat' dir='ltr'>tergi,</span> 
     </span>
     <span class='ocr_line' id='line_1_29' title="bbox 254 3745 920 3826; baseline 0.005 -20"><span class='ocrx_word' id='word_1_190' title='bbox 254 3745 298 3807; x_wconf 80' lang='lat' dir='ltr'>Ad</span> <span class='ocrx_word' id='word_1_191' title='bbox 320 3745 412 3808; x_wconf 83' lang='lat' dir='ltr'>laxata</span> <span class='ocrx_word' id='word_1_192' title='bbox 434 3745 528 3826; x_wconf 76' lang='lat' dir='ltr'>magis</span> <span class='ocrx_word' id='word_1_193' title='bbox 551 3745 656 3809; x_wconf 82' lang='lat' dir='ltr'>conixa</span> <span class='ocrx_word' id='word_1_194' title='bbox 677 3746 825 3810; x_wconf 81' lang='lat' dir='ltr'>foramina</span> <span class='ocrx_word' id='word_1_195' title='bbox 848 3746 920 3810; x_wconf 88' lang='lat' dir='ltr'>retis</span> 
     </span>
     <span class='ocr_line' id='line_1_30' title="bbox 254 3844 963 3926; baseline 0.007 -21"><span class='ocrx_word' id='word_1_196' title='bbox 254 3844 386 3907; x_wconf 86' lang='lat' dir='ltr'>Tandem</span> <span class='ocrx_word' id='word_1_197' title='bbox 409 3863 467 3926; x_wconf 84' lang='lat' dir='ltr'>per</span> <span class='ocrx_word' id='word_1_198' title='bbox 485 3844 595 3908; x_wconf 83' lang='lat' dir='ltr'>multos</span> <span class='ocrx_word' id='word_1_199' title='bbox 616 3845 714 3908; x_wconf 87' lang='lat' dir='ltr'>evadit</span> <span class='ocrx_word' id='word_1_200' title='bbox 736 3846 847 3910; x_wconf 83' lang='lat' dir='ltr'>lubrice</span> <span class='ocrx_word' id='word_1_201' title='bbox 869 3847 963 3910; x_wconf 81' lang='lat' dir='ltr'>flexus</span> 
     </span>
    </p>

    <p class='ocr_par' dir='ltr' id='par_1_9' title="bbox 198 3944 1039 4126">
     <span class='ocr_line' id='line_1_31' title="bbox 198 3944 1039 4025; baseline 0.008 -24"><span class='ocrx_word' id='word_1_202' title='bbox 198 3951 231 4002; x_wconf 81' lang='lat'>30</span> <span class='ocrx_word' id='word_1_203' title='bbox 256 3944 458 4025; x_wconf 83' lang='lat' dir='ltr'>Exemploque</span> <span class='ocrx_word' id='word_1_204' title='bbox 481 3962 595 4007; x_wconf 86' lang='lat' dir='ltr'>nocens</span> <span class='ocrx_word' id='word_1_205' title='bbox 617 3945 732 4007; x_wconf 90' lang='lat' dir='ltr'>cunctis</span> <span class='ocrx_word' id='word_1_206' title='bbox 754 3946 812 4007; x_wconf 88' lang='lat' dir='ltr'>iter</span> <span class='ocrx_word' id='word_1_207' title='bbox 833 3945 949 4008; x_wconf 87' lang='lat' dir='ltr'>invenit</span> <span class='ocrx_word' id='word_1_208' title='bbox 970 3964 1039 4009; x_wconf 90' lang='lat' dir='ltr'>una.</span> 
     </span>
     <span class='ocr_line' id='line_1_32' title="bbox 255 4043 963 4126; baseline 0.004 -22"><span class='ocrx_word' id='word_1_209' title='bbox 255 4043 293 4105; x_wconf 84' lang='lat' dir='ltr'>llt</span> <span class='ocrx_word' id='word_1_210' title='bbox 315 4043 569 4125; x_wconf 77' lang='lat' dir='ltr'>coutrascopulis</span> <span class='ocrx_word' id='word_1_211' title='bbox 592 4043 695 4106; x_wconf 88' lang='lat' dir='ltr'>crinali</span> <span class='ocrx_word' id='word_1_212' title='bbox 717 4063 842 4126; x_wconf 86' lang='lat' dir='ltr'>corpore</span> <span class='ocrx_word' id='word_1_213' title='bbox 863 4044 963 4126; x_wconf 82' lang='lat' dir='ltr'>segnis</span> 
     </span>
    </p>
   </div>
   <div class='ocr_carea' id='block_1_2' title="bbox 148 4206 1297 4453">
    <p class='ocr_par' dir='ltr' id='par_1_10' title="bbox 148 4206 1297 4453">
     <span class='ocr_line' id='line_1_33' title="bbox 225 4206 1297 4288; baseline 0.001 -16"><span class='ocrx_word' id='word_1_214' title='bbox 225 4211 255 4272; x_wconf 83' lang='lat'>1·</span> <span class='ocrx_word' id='word_1_215' title='bbox 274 4235 296 4285; x_wconf 91' lang='lat' dir='ltr'>p.</span> <span class='ocrx_word' id='word_1_216' title='bbox 311 4220 368 4272; x_wconf 84' lang='lat'>100.</span> <span class='ocrx_word' id='word_1_217' title='bbox 388 4234 411 4285; x_wconf 70' lang='lat' dir='ltr'>pr</span> <span class='ocrx_word' id='word_1_218' title='bbox 425 4216 465 4270; x_wconf 80' lang='lat'>12.</span> <span class='ocrx_word' id='word_1_219' title='bbox 504 4207 536 4270; x_wconf 59' lang='grc' dir='ltr'><strong>ὓ.</strong></span> <span class='ocrx_word' id='word_1_220' title='bbox 554 4234 577 4285; x_wconf 94' lang='lat' dir='ltr'>p.</span> <span class='ocrx_word' id='word_1_221' title='bbox 592 4217 672 4285; x_wconf 85' lang='lat' dir='ltr'>13sq.</span> <span class='ocrx_word' id='word_1_222' title='bbox 711 4206 743 4270; x_wconf 70' lang='lat'>8·</span> <span class='ocrx_word' id='word_1_223' title='bbox 760 4234 783 4285; x_wconf 88' lang='lat' dir='ltr'>p.</span> <span class='ocrx_word' id='word_1_224' title='bbox 798 4217 838 4270; x_wconf 83' lang='grc'>14.</span> <span class='ocrx_word' id='word_1_225' title='bbox 873 4207 960 4271; x_wconf 70' lang='lat'><strong>8-0·</strong></span> <span class='ocrx_word' id='word_1_226' title='bbox 978 4235 1002 4286; x_wconf 90' lang='lat' dir='ltr'>p.</span> <span class='ocrx_word' id='word_1_227' title='bbox 1019 4218 1058 4270; x_wconf 84' lang='grc'>16.</span> <span class='ocrx_word' id='word_1_228' title='bbox 1094 4208 1297 4288; x_wconf 75' lang='lat' dir='ltr'>l.8.p.102.</span> 
     </span>
     <span class='ocr_line' id='line_1_34' title="bbox 148 4290 1297 4370; baseline 0.002 -17"><span class='ocrx_word' id='word_1_229' title='bbox 148 4292 208 4353; x_wconf 76' lang='lat'>‚1⁰⁸</span> <span class='ocrx_word' id='word_1_230' title='bbox 235 4318 262 4368; x_wconf 70' lang='lat' dir='ltr'>pr</span> <span class='ocrx_word' id='word_1_231' title='bbox 280 4301 321 4353; x_wconf 65' lang='lat'>78.</span> <span class='ocrx_word' id='word_1_232' title='bbox 384 4292 436 4353; x_wconf 77' lang='lat'>¹1·</span> <span class='ocrx_word' id='word_1_233' title='bbox 460 4316 485 4367; x_wconf 71' lang='grc'><strong>1).</strong></span> <span class='ocrx_word' id='word_1_234' title='bbox 509 4301 550 4353; x_wconf 68' lang='grc'><strong>78.</strong></span> <span class='ocrx_word' id='word_1_235' title='bbox 614 4293 674 4353; x_wconf 67' lang='grc'><strong>150.</strong></span> <span class='ocrx_word' id='word_1_236' title='bbox 691 4317 715 4368; x_wconf 76' lang='lat'>1).</span> <span class='ocrx_word' id='word_1_237' title='bbox 737 4301 770 4353; x_wconf 67' lang='lat'>79</span> <span class='ocrx_word' id='word_1_238' title='bbox 784 4316 836 4370; x_wconf 67' lang='lat' dir='ltr'>qu·</span> <span class='ocrx_word' id='word_1_239' title='bbox 903 4290 954 4353; x_wconf 67' lang='grc' dir='ltr'>Π·</span> <span class='ocrx_word' id='word_1_240' title='bbox 981 4317 1004 4368; x_wconf 74' lang='lat' dir='ltr'>P·</span> <span class='ocrx_word' id='word_1_241' title='bbox 1027 4301 1068 4353; x_wconf 71' lang='lat'>82·</span> <span class='ocrx_word' id='word_1_242' title='bbox 1131 4291 1182 4353; x_wconf 73' lang='lat'>¹⁸·</span> <span class='ocrx_word' id='word_1_243' title='bbox 1209 4318 1233 4370; x_wconf 70' lang='lat' dir='ltr'>p-</span> <span class='ocrx_word' id='word_1_244' title='bbox 1256 4302 1297 4355; x_wconf 72' lang='lat'>82·</span> 
     </span>
     <span class='ocr_line' id='line_1_35' title="bbox 156 4371 1297 4453; baseline 0.004 -19"><span class='ocrx_word' id='word_1_245' title='bbox 156 4374 208 4435; x_wconf 65' lang='grc' dir='ltr'>πο.</span> <span class='ocrx_word' id='word_1_246' title='bbox 225 4383 342 4451; x_wconf 77' lang='lat' dir='ltr'>pllsq.</span> <span class='ocrx_word' id='word_1_247' title='bbox 389 4373 442 4437; x_wconf 77' lang='lat'>22.</span> <span class='ocrx_word' id='word_1_248' title='bbox 459 4400 483 4452; x_wconf 74' lang='lat' dir='ltr'>p.</span> <span class='ocrx_word' id='word_1_249' title='bbox 499 4382 540 4435; x_wconf 84' lang='lat' dir='ltr'>n.</span> <span class='ocrx_word' id='word_1_250' title='bbox 583 4371 637 4437; x_wconf 72' lang='lat' dir='ltr'>tt.</span> <span class='ocrx_word' id='word_1_251' title='bbox 654 4383 732 4450; x_wconf 67' lang='lat' dir='ltr'>pre.</span> <span class='ocrx_word' id='word_1_252' title='bbox 779 4375 832 4436; x_wconf 73' lang='lat' dir='ltr'>td.</span> <span class='ocrx_word' id='word_1_253' title='bbox 849 4383 928 4452; x_wconf 71' lang='lat' dir='ltr'>prs.</span> <span class='ocrx_word' id='word_1_254' title='bbox 962 4373 1015 4438; x_wconf 64' lang='grc' dir='ltr'>ιτ.</span> <span class='ocrx_word' id='word_1_255' title='bbox 1033 4383 1112 4453; x_wconf 65' lang='lat' dir='ltr'>pre.</span> <span class='ocrx_word' id='word_1_256' title='bbox 1147 4375 1201 4439; x_wconf 78' lang='lat' dir='ltr'>tl.</span> <span class='ocrx_word' id='word_1_257' title='bbox 1218 4387 1297 4453; x_wconf 65' lang='lat' dir='ltr'>par.</span> 
     </span>
    </p>
   </div>
   <div class='ocr_carea' id='block_1_3' title="bbox 0 0 1466 5018">
    <p class='ocr_par' dir='ltr' id='par_1_11' title="bbox 0 0 1466 5018">
     <span class='ocr_line' id='line_1_36' title="bbox 0 0 1466 5018; baseline 0 2"><span class='ocrx_word' id='word_1_258' title='bbox 0 0 1466 5018; x_wconf 95' lang='lat' dir='ltr'> </span> 
     </span>
    </p>
   </div>
  </div>
 </body>
</html>
