2924 5018
617 287 840 354 ..35-

258 463 455 545 ιιοιριιίνυς
470 458 595 547 μιαρός.
610 458 703 547 mio}
718 464 799 545 τείνη
814 460 1081 546 διαστήσασα
1096 463 1138 527 οδ
1159 462 1305 550 ὄστρα-

259 576 329 625 ιτον
346 556 505 644 ήσυχάζει
531 562 712 646 τηροδσα-
727 560 782 624 τά
796 558 1042 625 ἐπεισιόντα
1066 560 1258 641 ἰχθύδια,
1285 559 1306 628 ό

189 671 191 674 ’
226 702 229 706 ·
258 656 296 723 δί
325 656 505 741 πινοτήρης
528 656 758 742 παρεστώς,
796 652 893 723 όταν
921 658 1058 744 εἰςίίδτγ
1079 682 1126 737 τι,
1162 659 1305 727 δάκνει

195 790 209 804 ==
259 751 381 877 αδιήν
415 752 523 841 ὥςπερ
566 760 748 840 σημαίνων,
786 753 807 840 ή
835 756 881 820 δὲ
907 756 1076 841 δηηθείσα
1114 756 1304 842 συμμύει.

259 853 325 917 καὶ
365 851 486 929 οὕτως
513 854 556 918 τὸ
594 852 846 938 ἀποληφθὲν
882 853 1001 919 ἔνδον
1029 858 1305 921 κατεσθίουσι

166 988 187 1017 ,ι
218 953 383 1041 ·ιιοινή.

179 1053 343 1132 lteque
369 1071 439 1115 cum
464 1060 550 1115 antee
577 1053 734 1132 adscriptis
756 1060 787 1114 et
807 1070 858 1114 res
880 1061 910 1114 et
924 1054 997 1115 ordc
1011 1071 1115 1117 rerum
1129 1055 1304 1130 concinunt,

158 1094 335 1215 Plutarchus
361 1151 503 1214 himinum
530 1151 579 1213 hie
603 1151 664 1213 illic
688 1157 826 1212 ornatum
853 1151 980 1231 aliquem
1008 1153 1097 1214 etiam
1121 1153 1304 1232 putidiorem

157 1246 437 1332 intulitirrulupsi
451 1249 534 1329 uliu);
557 1249 652 1310 maior
668 1249 796 1328 Oppiani
815 1250 890 1311 fides
904 1251 1021 1312 mem
1013 1270 1045 1312 ru
1064 1260 1229 1314 structuras
1249 1247 1305 1314 ὅτε

157 1345 258 1426 ἰχθυς
273 1345 370 1410 ἔνδον
395 1351 518 1428 ἵκηται,
544 1347 673 1427 quaein
687 1347 870 1427 Chrysippo:
898 1343 978 1410 ὅταν
999 1341 1132 1433 stamen
1157 1374 1204 1425 τι,
1235 1368 1304 1413 eum

157 1448 292 1526 neglecte
310 1465 344 1507 co
367 1465 386 1507 ιι
401 1445 561 1508 Plutarcho
576 1447 630 1521 sit3
656 1446 687 1507 id
706 1464 777 1508 casu
801 1446 866 1507 iieri
883 1446 983 1525 potuit
1001 1453 1036 1508 ut
1050 1449 1109 1510 duo
1124 1451 1304 1528 posteriores

156 1562 218 1612 ιιιιι
242 1542 301 1627 τήν
326 1540 432 1625 άγραν
457 1552 603 1625 ponerent
618 1543 669 1606 ubi
683 1545 866 1624 Chrysippus
886 1542 923 1606 τὸ
943 1540 1157 1628 άπαληφθέν.
1202 1549 1305 1629 Neque

157 1643 300 1709 affirmari
326 1644 356 1707 id
381 1650 483 1724 potest
507 1644 587 1706 huno
605 1643 714 1704 librum
734 1643 834 1722 ipsum
857 1661 925 1705 esse
950 1662 1039 1723 quem
1066 1663 1100 1706 se
1126 1646 1211 1726 sequi
1231 1647 1305 1708 Plu·

157 1743 281 1809 torebus
302 1737 352 1807 eit.
955 1730 958 1736 ’
1249 1771 1252 1775 ’

159 1865 183 1885 ·-
212 1874 219 1901 ,-
243 1840 356 1903 Temen
379 1844 482 1918 potest
505 1837 607 1900 luisse.
652 1839 754 1918 Neque
783 1838 842 1900 iem
873 1845 919 1900 cst
945 1839 1024 1918 quod
1050 1845 1179 1914 taceam,
1195 1841 1305 1921 -primt

157 1937 325 2020 philosophi
339 1936 427 2001 verbu
446 1937 518 2001 dum
538 1937 603 2016 lego
623 1955 686 1999 neu
705 1936 763 2000 levi
784 1954 902 2017 sempor
921 1957 969 1999 me
991 1937 1176 2002 dubioticns
1187 1940 1305 2002 turbari

155 2057 235 2118 quac
260 2045 347 2099 suut:
378 2031 399 2118 ἡ
422 2037 503 2118 πίνη
530 2034 587 2096 καί
613 2031 633 2099 ό
658 2030 840 2118 πινοτήρης
864 2032 1007 2119 συνεργὰ
1032 2031 1202 2120 ἀλλήλοις,
1232 2035 1304 2101 κατ’

159 2132 252 2201 ἰδίαν
280 2131 319 2198 οδ
348 2131 517 2215 δυνάμενα
546 2127 732 2215 συμμένειν.
776 2134 960 2197 Verteudum
986 2135 1118 2198 videtur:
1149 2157 1218 2199 cum
1244 2157 1305 2199 ιιυιι

157 2234 276 2317 possim
301 2233 403 2297 uivere
422 2234 489 2296 sinc
514 2231 611 2306 eooi03
640 2233 692 2295 scd
722 2251 777 2294 cur
805 2249 868 2294 non
896 2233 940 2295 rei
969 2236 1185 2298 convenienter
1209 2238 1305 2315 serip-

155 2342 222 2397 tum
254 2327 366 2396 est-ori
394 2327 562 2414 δυνάμενα
594 2326 662 2413 ζήν,
693 2329 830 2413 διαζῆν,
867 2327 1059 2403 collectim?
1102 2335 1180 2396 Sene
1216 2335 1305 2396 etiem

157 2431 338 2512 συμμένειν
371 2431 613 2511 permansionem
648 2429 777 2509 aliquem
812 2429 975 2508 significat,
1012 2433 1065 2492 sed
1102 2451 1168 2494 cem
1205 2433 1304 2494 minus

155 2544 351 2610 personarum
381 2548 472 2609 quem
505 2546 606 2589 rerum
630 2535 660 2589 et
684 2529 779 2607 magis
809 2545 912 2590 eurum
941 2535 979 2590 e'x
1007 2530 1140 2609 portibus
1170 2530 1305 2610 pluribus

157 2626 404 2707 compositorum,
436 2626 476 2689 itu
503 2633 536 2687 ui
562 2625 734 2704 oppositum
761 2625 890 2689 sitnon
904 2627 994 2699 mori,
1020 2629 1072 2689 sed
1102 2629 1230 2708 disiungi
1259 2629 1306 2691 rei

156 2727 276 2793 dissolvi
294 2724 335 2789 in
360 2731 457 2805 parics
483 2743 564 2797 suae,
593 2733 699 2803 estque
723 2715 761 2786 τό
792 2726 826 2787 ἕν
852 2725 940 2787 εἰναι
965 2724 1028 2787 τῶν
1051 2723 1227 2807 διαιρετῶν
1247 2726 1305 2804 (Gt

155 2825 277 2887 Aristct
299 2824 428 2903 bletoph.
448 2823 532 2904 1211.
547 2821 622 2895 262,
640 2821 701 2901 11),
728 2822 768 2884 ito
794 2829 828 2885 ut
854 2824 1031 2905 συμμένειν
1058 2824 1197 2886 dicuutur
1222 2839 1305 2906 συμ-

157 2921 287 3006 βάσεις,
314 2917 506 3003 δμαιχμίοι,
537 2917 664 3003 φιλίαι,
696 2918 875 3004 συνθῆκαι,
900 2919 1032 3000 στάσις,
1063 2918 1177 2997 πόλις,
1207 2940 1306 3004 neque

159 3023 260 3083 minus
297 3029 366 3101 epte
403 3015 423 3081 ό
459 3015 543 3092 δττὸς
580 3018 719 3082 strabon.
740 3038 770 3099 p.
792 3019 869 3093 525;
906 3019 984 3082 idem
1014 3022 1091 3083 valet
1125 3023 1174 3085 illa
1211 3023 1305 3104 ipsius

160 3119 315 3199 Chrysippi
345 3115 494 3200 συμμονή
524 3114 579 3179 καὶ
610 3116 731 3200 συνοχή
769 3118 873 3183 mundi
908 3119 985 3199 opud
1012 3119 1205 3193 Plutarchum
1242 3123 1305 3184 Sto.

157 3237 220 3298 rep.
241 3217 364 3278 tuctu.
403 3216 522 3326 itaque
519 3216 604 3289 idem
625 3223 729 3277 nostro
750 3217 814 3277 icco
835 3233 890 3296 pro
909 3214 1028 3299 διαζήν
1047 3219 1179 3298 accipere
1202 3221 1305 3283 dubito

156 3318 246 3419 idque
262 3335 296 3377 eo
312 3315 416 3405 magis,
438 3314 505 3395 quia
526 3314 563 3376 de
577 3314 719 3376 societate
729 3315 829 3424 eliqua
844 3315 1015 3377 animalium
1031 3317 1128 3395 agitur
1144 3319 1307 3401 συνεργῶν

157 3410 188 3477 et'
214 3411 472 3507 συμμενόντων.
494 3413 627 3507 Augetur
653 3412 784 3494 suspicio
811 3403 1031 3499 comparatione
1051 3413 1211 3495 verborum
1235 3415 1306 3479 Plu-

157 3492 278 3574 ίοισίιί
279 3511 329 3592 qui
351 3511 561 3628 Chrysippum
575 3510 678 3591 'aperte
703 3517 817 3593 spectat
838 3529 907 3572 cum
927 3510 968 3590 ita
983 3510 1148 3589 pinotersm
1167 3490 1306 3593 inducet:

158 3607 244 3674 ἀλλὰ
264 3609 391 3692 μᾶλλον
413 3603 471 3672 lut
491 3607 550 3682 τάς
576 3631 651 3670 κατ
658 3605 814 3670 ’ἰδίαν
840 3598 1054 3683 ιιυινυνίας
1080 3602 1213 3674 abrec
1238 3612 1306 3674 καί

157 3706 403 3792 συμβιώσεις
434 3709 531 3772 ἰτέον
575 3708 668 3771 Venia
696 3709 785 3788 igitur
815 3707 973 3771 conicienti
1004 3711 1060 3773 crit
1090 3711 1180 3774 etiam
1209 3713 1308 3794 priore

160 3809 226 3870 loco
249 3807 347 3869 verbis
374 3828 434 3869 κατ
435 3802 561 3870 ἰδίαν
580 3808 759 3889 συμμένειν
776 3806 863 3889 quasi
883 3807 1012 3871 termino
1039 3819 1120 3874 certo
1147 3810 1236 3874 has
1227 3830 1306 3891 ipsas

156 3901 233 3970 ’κατ’
265 3902 358 3968 ἰδίαν
386 3903 590 3987 συμβιώσεις
616 3906 765 3986 designari
794 3907 948 3987 oppositas
978 3925 1029 3970 ecs
1062 3909 1226 3972 maioribus
1260 3908 1307 3988 pi-

155 4005 252 4069 scium
268 4010 299 4065 et
317 4001 465 4086 δημοσίᾳ
484 4003 655 4069 constitutis
675 4003 866 4068 societatibus
889 4024 964 4086 quac
988 4007 1177 4069 antecedunt.
1211 4008 1307 4081 'Quod

155 4103 378 4183 cti-corruptum
401 4107 446 4164 est
461 4097 636 4183 δυνάμενα,
662 4108 773 4164 mmcc-
789 4102 913 4164 cuibus:
940 4099 1015 4165 κατ’
1043 4100 1132 4167 ἰδίαν
1158 4103 1308 4168 εἰωθότα

155 4202 202 4266 vel
216 4201 396 4282 εἰθισμένα
411 4202 590 4282 συμμένειν
605 4218 709 4262 vereor
724 4219 763 4262 ne
780 4219 899 4280 operum
919 4201 1098 4282 perdiderim
1123 4203 1307 4282 probabilius

154 4309 258 4367 uutctn
273 4301 304 4362 ui
315 4300 400 4362 fallor
413 4299 453 4362 iie
469 4300 665 4380 Chrysippum
675 4299 835 4379 *scripsisse
850 4301 999 4363 coniecto:
1025 4295 1045 4384 ή
1066 4298 1104 4362 δὲ
1119 4301 1271 4384 crispent
1286 4300 1306 4367 δ

155 4394 337 4483 πινοτήρης
352 4396 493 4481 συνεργὰ
507 4392 663 4479 ἀλλήλους
678 4392 751 4460 κατ’
769 4395 873 4473 ἰδίαν,
895 4391 936 4461 oti
958 4397 1104 4481 δημοσίᾳ
1131 4403 1308 4484 supplerem
