<?xml version="1.0" encoding="UTF-8"?>
<!DOCTYPE html PUBLIC "-//W3C//DTD XHTML 1.0 Transitional//EN"
    "http://www.w3.org/TR/xhtml1/DTD/xhtml1-transitional.dtd">
<html xmlns="http://www.w3.org/1999/xhtml" xml:lang="en" lang="en">
 <head>
  <title>
</title>
<meta http-equiv="Content-Type" content="text/html;charset=utf-8" />
  <meta name='ocr-system' content='tesseract 3.04.00' />
  <meta name='ocr-capabilities' content='ocr_page ocr_carea ocr_par ocr_line ocrx_word'/>
</head>
<body>
  <div class='ocr_page' id='page_1' title='image "./dehalieuticisov01birtgoog_0011.png"; bbox 0 0 2924 5018; ppageno 0'>
   <div class='ocr_carea' id='block_1_1' title="bbox 651 309 845 374">
    <p class='ocr_par' dir='ltr' id='par_1_1' title="bbox 651 309 845 374">
     <span class='ocr_line' id='line_1_1' title="bbox 651 309 845 374; baseline -0.005 -18"><span class='ocrx_word' id='word_1_1' title='bbox 651 309 845 374; x_wconf 60' lang='lat' dir='ltr'>...q-</span> 
     </span>
    </p>
   </div>
   <div class='ocr_carea' id='block_1_2' title="bbox 170 486 1321 4504">
    <p class='ocr_par' dir='ltr' id='par_1_2' title="bbox 170 486 1321 4504">
     <span class='ocr_line' id='line_1_2' title="bbox 179 486 1320 569; baseline -0.003 -17"><span class='ocrx_word' id='word_1_2' title='bbox 179 488 240 552; x_wconf 92' lang='lat' dir='ltr'>veri</span> <span class='ocrx_word' id='word_1_3' title='bbox 263 488 429 569; x_wconf 89' lang='lat' dir='ltr'>argumenti</span> <span class='ocrx_word' id='word_1_4' title='bbox 451 489 592 550; x_wconf 88' lang='lat' dir='ltr'>indicem.</span> <span class='ocrx_word' id='word_1_5' title='bbox 632 487 691 548; x_wconf 91' lang='lat' dir='ltr'>lam</span> <span class='ocrx_word' id='word_1_6' title='bbox 715 506 784 548; x_wconf 87' lang='lat' dir='ltr'>vero</span> <span class='ocrx_word' id='word_1_7' title='bbox 808 487 859 565; x_wconf 92' lang='lat' dir='ltr'>qui</span> <span class='ocrx_word' id='word_1_8' title='bbox 883 487 979 548; x_wconf 90' lang='lat' dir='ltr'>studia</span> <span class='ocrx_word' id='word_1_9' title='bbox 1002 486 1121 566; x_wconf 87' lang='lat' dir='ltr'>antiqua</span> <span class='ocrx_word' id='word_1_10' title='bbox 1144 489 1175 549; x_wconf 95' lang='lat' dir='ltr'>in</span> <span class='ocrx_word' id='word_1_11' title='bbox 1197 488 1320 550; x_wconf 91' lang='lat' dir='ltr'>historia</span> 
     </span>
     <span class='ocr_line' id='line_1_3' title="bbox 180 586 1320 668; baseline -0.002 -18"><span class='ocrx_word' id='word_1_12' title='bbox 180 590 307 651; x_wconf 89' lang='lat' dir='ltr'>naturali</span> <span class='ocrx_word' id='word_1_13' title='bbox 328 589 426 668; x_wconf 90' lang='lat' dir='ltr'>posita</span> <span class='ocrx_word' id='word_1_14' title='bbox 448 596 661 667; x_wconf 82' lang='lat' dir='ltr'>persequentes</span> <span class='ocrx_word' id='word_1_15' title='bbox 685 587 717 647; x_wconf 94' lang='lat' dir='ltr'>in</span> <span class='ocrx_word' id='word_1_16' title='bbox 738 586 794 646; x_wconf 90' lang='lat' dir='ltr'>boc</span> <span class='ocrx_word' id='word_1_17' title='bbox 815 604 934 646; x_wconf 91' lang='lat' dir='ltr'>carmen</span> <span class='ocrx_word' id='word_1_18' title='bbox 951 586 1038 645; x_wconf 83' lang='lat' dir='ltr'>delati</span> <span class='ocrx_word' id='word_1_19' title='bbox 1054 594 1133 659; x_wconf 92' lang='lat' dir='ltr'>sunt,</span> <span class='ocrx_word' id='word_1_20' title='bbox 1156 606 1219 647; x_wconf 93' lang='lat' dir='ltr'>rem</span> <span class='ocrx_word' id='word_1_21' title='bbox 1235 606 1320 648; x_wconf 92' lang='lat' dir='ltr'>cura-</span> 
     </span>
     <span class='ocr_line' id='line_1_4' title="bbox 179 685 1321 765; baseline -0.001 -17"><span class='ocrx_word' id='word_1_22' title='bbox 179 689 251 749; x_wconf 92' lang='lat' dir='ltr'>bant</span> <span class='ocrx_word' id='word_1_23' title='bbox 278 706 341 748; x_wconf 93' lang='lat' dir='ltr'>non</span> <span class='ocrx_word' id='word_1_24' title='bbox 372 695 480 760; x_wconf 82' lang='lat' dir='ltr'>artem3</span> <span class='ocrx_word' id='word_1_25' title='bbox 514 686 643 765; x_wconf 88' lang='lat' dir='ltr'>reliquos</span> <span class='ocrx_word' id='word_1_26' title='bbox 676 685 739 764; x_wconf 91' lang='lat' dir='ltr'>ipsa</span> <span class='ocrx_word' id='word_1_27' title='bbox 768 703 801 744; x_wconf 91' lang='lat' dir='ltr'>re</span> <span class='ocrx_word' id='word_1_28' title='bbox 828 685 970 744; x_wconf 77' lang='lat' dir='ltr'>deterreri</span> <span class='ocrx_word' id='word_1_29' title='bbox 997 685 1096 763; x_wconf 91' lang='lat' dir='ltr'>potius</span> <span class='ocrx_word' id='word_1_30' title='bbox 1118 704 1241 746; x_wconf 92' lang='lat' dir='ltr'>necesse</span> <span class='ocrx_word' id='word_1_31' title='bbox 1263 686 1321 747; x_wconf 86' lang='lat' dir='ltr'>fuit</span> 
     </span>
     <span class='ocr_line' id='line_1_5' title="bbox 170 782 1320 864; baseline -0.003 -16"><span class='ocrx_word' id='word_1_32' title='bbox 170 787 264 848; x_wconf 57' lang='lat' dir='ltr'>&gt;cuius</span> <span class='ocrx_word' id='word_1_33' title='bbox 280 782 479 847; x_wconf 76' lang='lat' dir='ltr'>humilitatem</span> <span class='ocrx_word' id='word_1_34' title='bbox 494 803 533 845; x_wconf 92' lang='lat' dir='ltr'>ne</span> <span class='ocrx_word' id='word_1_35' title='bbox 548 794 611 845; x_wconf 91' lang='lat' dir='ltr'>arte</span> <span class='ocrx_word' id='word_1_36' title='bbox 627 783 745 863; x_wconf 90' lang='lat' dir='ltr'>quidem</span> <span class='ocrx_word' id='word_1_37' title='bbox 761 783 850 843; x_wconf 85' lang='lat' dir='ltr'>levari</span> <span class='ocrx_word' id='word_1_38' title='bbox 867 782 1004 843; x_wconf 90' lang='lat' dir='ltr'>videbant</span> <span class='ocrx_word' id='word_1_39' title='bbox 1019 784 1184 860; x_wconf 84' lang='lat' dir='ltr'>grandiore.</span> <span class='ocrx_word' id='word_1_40' title='bbox 1219 785 1320 864; x_wconf 90' lang='lat' dir='ltr'>ltaque</span> 
     </span>
     <span class='ocr_line' id='line_1_6' title="bbox 178 882 1319 963; baseline -0.002 -18"><span class='ocrx_word' id='word_1_41' title='bbox 178 884 236 945; x_wconf 90' lang='lat' dir='ltr'>iam</span> <span class='ocrx_word' id='word_1_42' title='bbox 259 886 317 946; x_wconf 92' lang='lat' dir='ltr'>hoc</span> <span class='ocrx_word' id='word_1_43' title='bbox 339 902 393 963; x_wconf 95' lang='lat' dir='ltr'>pro</span> <span class='ocrx_word' id='word_1_44' title='bbox 416 883 524 944; x_wconf 91' lang='lat' dir='ltr'>iudicio</span> <span class='ocrx_word' id='word_1_45' title='bbox 549 892 628 953; x_wconf 84' lang='lat' dir='ltr'>esto,</span> <span class='ocrx_word' id='word_1_46' title='bbox 660 882 737 961; x_wconf 92' lang='lat' dir='ltr'>quod</span> <span class='ocrx_word' id='word_1_47' title='bbox 761 899 849 942; x_wconf 91' lang='lat' dir='ltr'>nemo</span> <span class='ocrx_word' id='word_1_48' title='bbox 874 887 1066 960; x_wconf 85' lang='lat' dir='ltr'>portantum</span> <span class='ocrx_word' id='word_1_49' title='bbox 1090 882 1219 961; x_wconf 90' lang='lat' dir='ltr'>spatium</span> <span class='ocrx_word' id='word_1_50' title='bbox 1242 889 1319 943; x_wconf 92' lang='lat' dir='ltr'>tem-</span> 
     </span>
     <span class='ocr_line' id='line_1_7' title="bbox 178 980 1319 1063; baseline -0.001 -21"><span class='ocrx_word' id='word_1_51' title='bbox 178 982 261 1063; x_wconf 91' lang='lat' dir='ltr'>peris</span> <span class='ocrx_word' id='word_1_52' title='bbox 290 1000 409 1044; x_wconf 87' lang='lat' dir='ltr'>carmen</span> <span class='ocrx_word' id='word_1_53' title='bbox 437 981 516 1042; x_wconf 91' lang='lat' dir='ltr'>istud</span> <span class='ocrx_word' id='word_1_54' title='bbox 544 999 582 1041; x_wconf 92' lang='lat' dir='ltr'>ne</span> <span class='ocrx_word' id='word_1_55' title='bbox 612 981 706 1041; x_wconf 91' lang='lat' dir='ltr'>dicam</span> <span class='ocrx_word' id='word_1_56' title='bbox 730 997 842 1058; x_wconf 89' lang='lat' dir='ltr'>amare,</span> <span class='ocrx_word' id='word_1_57' title='bbox 877 980 927 1040; x_wconf 94' lang='lat' dir='ltr'>sed</span> <span class='ocrx_word' id='word_1_58' title='bbox 950 981 1118 1042; x_wconf 86' lang='lat' dir='ltr'>examinare</span> <span class='ocrx_word' id='word_1_59' title='bbox 1140 989 1319 1060; x_wconf 88' lang='lat' dir='ltr'>pertractare</span> 
     </span>
     <span class='ocr_line' id='line_1_8' title="bbox 179 1079 1319 1160; baseline -0.001 -19"><span class='ocrx_word' id='word_1_60' title='bbox 179 1082 295 1143; x_wconf 76' lang='lat' dir='ltr'>mercdis</span> <span class='ocrx_word' id='word_1_61' title='bbox 318 1080 442 1141; x_wconf 90' lang='lat' dir='ltr'>liberare</span> <span class='ocrx_word' id='word_1_62' title='bbox 466 1088 554 1160; x_wconf 91' lang='lat' dir='ltr'>atque</span> <span class='ocrx_word' id='word_1_63' title='bbox 576 1079 621 1140; x_wconf 90' lang='lat' dir='ltr'>vel</span> <span class='ocrx_word' id='word_1_64' title='bbox 644 1088 776 1140; x_wconf 90' lang='lat' dir='ltr'>accurate</span> <span class='ocrx_word' id='word_1_65' title='bbox 799 1079 948 1157; x_wconf 82' lang='lat' dir='ltr'>perlegere</span> <span class='ocrx_word' id='word_1_66' title='bbox 971 1079 1101 1160; x_wconf 86' lang='lat' dir='ltr'>suscepit</span> <span class='ocrx_word' id='word_1_67' title='bbox 1122 1079 1152 1140; x_wconf 87' lang='lat' dir='ltr'>id</span> <span class='ocrx_word' id='word_1_68' title='bbox 1172 1080 1250 1158; x_wconf 93' lang='lat' dir='ltr'>quod</span> <span class='ocrx_word' id='word_1_69' title='bbox 1268 1080 1319 1140; x_wconf 94' lang='lat' dir='ltr'>de-</span> 
     </span>
     <span class='ocr_line' id='line_1_9' title="bbox 177 1177 1319 1256; baseline 0 -17"><span class='ocrx_word' id='word_1_70' title='bbox 177 1180 240 1241; x_wconf 92' lang='lat' dir='ltr'>beri</span> <span class='ocrx_word' id='word_1_71' title='bbox 256 1198 326 1241; x_wconf 92' lang='lat' dir='ltr'>sane</span> <span class='ocrx_word' id='word_1_72' title='bbox 354 1179 553 1241; x_wconf 92' lang='lat' dir='ltr'>illustrissimo</span> <span class='ocrx_word' id='word_1_73' title='bbox 576 1177 728 1256; x_wconf 90' lang='lat' dir='ltr'>scriptoris</span> <span class='ocrx_word' id='word_1_74' title='bbox 751 1177 867 1238; x_wconf 91' lang='lat' dir='ltr'>nomini</span> <span class='ocrx_word' id='word_1_75' title='bbox 889 1177 1006 1238; x_wconf 82' lang='lat' dir='ltr'>dixeris.</span> <span class='ocrx_word' id='word_1_76' title='bbox 1030 1212 1071 1220; x_wconf 92' lang='lat'>-</span> <span class='ocrx_word' id='word_1_77' title='bbox 1094 1177 1196 1256; x_wconf 88' lang='lat' dir='ltr'>Neque</span> <span class='ocrx_word' id='word_1_78' title='bbox 1220 1186 1319 1239; x_wconf 90' lang='lat' dir='ltr'>tamen</span> 
     </span>
     <span class='ocr_line' id='line_1_10' title="bbox 179 1274 1319 1357; baseline -0.001 -19"><span class='ocrx_word' id='word_1_79' title='bbox 179 1279 337 1340; x_wconf 84' lang='lat' dir='ltr'>defuerunt</span> <span class='ocrx_word' id='word_1_80' title='bbox 368 1278 474 1357; x_wconf 92' lang='lat' dir='ltr'>quibus</span> <span class='ocrx_word' id='word_1_81' title='bbox 505 1275 676 1337; x_wconf 92' lang='lat' dir='ltr'>inertiarum</span> <span class='ocrx_word' id='word_1_82' title='bbox 703 1275 847 1355; x_wconf 88' lang='lat' dir='ltr'>poematis</span> <span class='ocrx_word' id='word_1_83' title='bbox 871 1274 1035 1336; x_wconf 87' lang='lat' dir='ltr'>observatio</span> <span class='ocrx_word' id='word_1_84' title='bbox 1062 1277 1235 1355; x_wconf 92' lang='lat' dir='ltr'>scrupulum</span> <span class='ocrx_word' id='word_1_85' title='bbox 1262 1277 1319 1338; x_wconf 93' lang='lat' dir='ltr'>ini-</span> 
     </span>
     <span class='ocr_line' id='line_1_11' title="bbox 179 1373 1319 1455; baseline -0.003 -18"><span class='ocrx_word' id='word_1_86' title='bbox 179 1383 259 1437; x_wconf 85' lang='lat' dir='ltr'>ceret</span> <span class='ocrx_word' id='word_1_87' title='bbox 274 1375 407 1455; x_wconf 90' lang='lat' dir='ltr'>quamvis</span> <span class='ocrx_word' id='word_1_88' title='bbox 419 1375 569 1453; x_wconf 81' lang='lat' dir='ltr'>ambigua3</span> <span class='ocrx_word' id='word_1_89' title='bbox 586 1374 676 1434; x_wconf 90' lang='lat' dir='ltr'>veluti</span> <span class='ocrx_word' id='word_1_90' title='bbox 692 1374 725 1434; x_wconf 92' lang='lat' dir='ltr'>ad</span> <span class='ocrx_word' id='word_1_91' title='bbox 738 1373 869 1453; x_wconf 92' lang='lat' dir='ltr'>primum</span> <span class='ocrx_word' id='word_1_92' title='bbox 883 1393 1000 1435; x_wconf 91' lang='lat' dir='ltr'>versum</span> <span class='ocrx_word' id='word_1_93' title='bbox 1011 1373 1180 1436; x_wconf 82' lang='lat' dir='ltr'>adscribere</span> <span class='ocrx_word' id='word_1_94' title='bbox 1195 1374 1319 1434; x_wconf 86' lang='lat' dir='ltr'>Ciofa-</span> 
     </span>
     <span class='ocr_line' id='line_1_12' title="bbox 178 1472 1318 1552; baseline -0.001 -18"><span class='ocrx_word' id='word_1_95' title='bbox 178 1493 262 1534; x_wconf 93' lang='lat' dir='ltr'>num</span> <span class='ocrx_word' id='word_1_96' title='bbox 294 1474 431 1551; x_wconf 88' lang='lat' dir='ltr'>legimus:</span> <span class='ocrx_word' id='word_1_97' title='bbox 462 1475 578 1546; x_wconf 86' lang='lat' dir='ltr'>„multa</span> <span class='ocrx_word' id='word_1_98' title='bbox 607 1473 693 1533; x_wconf 90' lang='lat' dir='ltr'>buius</span> <span class='ocrx_word' id='word_1_99' title='bbox 715 1472 850 1552; x_wconf 89' lang='lat' dir='ltr'>principii</span> <span class='ocrx_word' id='word_1_100' title='bbox 874 1473 996 1534; x_wconf 91' lang='lat' dir='ltr'>erimina</span> <span class='ocrx_word' id='word_1_101' title='bbox 1019 1472 1197 1552; x_wconf 79' lang='lat' dir='ltr'>(‘&#39;earmina&#39;</span> <span class='ocrx_word' id='word_1_102' title='bbox 1219 1473 1318 1534; x_wconf 86' lang='lat' dir='ltr'>infeli-</span> 
     </span>
     <span class='ocr_line' id='line_1_13' title="bbox 178 1570 1319 1651; baseline -0.001 -18"><span class='ocrx_word' id='word_1_103' title='bbox 178 1573 250 1634; x_wconf 81' lang='lat' dir='ltr'>citer</span> <span class='ocrx_word' id='word_1_104' title='bbox 266 1572 470 1644; x_wconf 83' lang='lat' dir='ltr'>Burmannus)</span> <span class='ocrx_word' id='word_1_105' title='bbox 495 1590 552 1633; x_wconf 92' lang='lat' dir='ltr'>una</span> <span class='ocrx_word' id='word_1_106' title='bbox 576 1591 644 1632; x_wconf 90' lang='lat' dir='ltr'>cum</span> <span class='ocrx_word' id='word_1_107' title='bbox 661 1570 907 1649; x_wconf 83' lang='lat' dir='ltr'>ingeniosissimis</span> <span class='ocrx_word' id='word_1_108' title='bbox 922 1580 1011 1651; x_wconf 92' lang='lat' dir='ltr'>atque</span> <span class='ocrx_word' id='word_1_109' title='bbox 1027 1572 1233 1633; x_wconf 89' lang='lat' dir='ltr'>eruditissimis</span> <span class='ocrx_word' id='word_1_110' title='bbox 1250 1572 1319 1632; x_wconf 85' lang='lat' dir='ltr'>viris</span> 
     </span>
     <span class='ocr_line' id='line_1_14' title="bbox 177 1669 1318 1732; baseline -0.002 -2"><span class='ocrx_word' id='word_1_111' title='bbox 177 1670 265 1732; x_wconf 89' lang='lat' dir='ltr'>Petro</span> <span class='ocrx_word' id='word_1_112' title='bbox 289 1670 433 1732; x_wconf 87' lang='lat' dir='ltr'>Ciaceono</span> <span class='ocrx_word' id='word_1_113' title='bbox 457 1679 486 1732; x_wconf 89' lang='lat' dir='ltr'>et</span> <span class='ocrx_word' id='word_1_114' title='bbox 507 1671 545 1731; x_wconf 88' lang='lat' dir='ltr'>M.</span> <span class='ocrx_word' id='word_1_115' title='bbox 568 1670 860 1732; x_wconf 78' lang='lat' dir='ltr'>Antonioblureto</span> <span class='ocrx_word' id='word_1_116' title='bbox 885 1669 981 1731; x_wconf 87' lang='lat' dir='ltr'>Ovidii</span> <span class='ocrx_word' id='word_1_117' title='bbox 1008 1688 1071 1732; x_wconf 90' lang='lat' dir='ltr'>non</span> <span class='ocrx_word' id='word_1_118' title='bbox 1094 1690 1160 1732; x_wconf 87' lang='lat' dir='ltr'>esse</span> <span class='ocrx_word' id='word_1_119' title='bbox 1182 1676 1318 1732; x_wconf 79' lang='lat' dir='ltr'>censeo‘.</span> 
     </span>
     <span class='ocr_line' id='line_1_15' title="bbox 177 1767 1318 1848; baseline 0.001 -20"><span class='ocrx_word' id='word_1_120' title='bbox 177 1769 317 1831; x_wconf 85' lang='lat' dir='ltr'>Iuvenilis</span> <span class='ocrx_word' id='word_1_121' title='bbox 345 1777 419 1831; x_wconf 87' lang='lat' dir='ltr'>tunc</span> <span class='ocrx_word' id='word_1_122' title='bbox 446 1779 533 1848; x_wconf 86' lang='lat' dir='ltr'>atque</span> <span class='ocrx_word' id='word_1_123' title='bbox 562 1769 686 1830; x_wconf 89' lang='lat' dir='ltr'>celerior</span> <span class='ocrx_word' id='word_1_124' title='bbox 707 1767 882 1848; x_wconf 80' lang='lat' dir='ltr'>philologia3</span> <span class='ocrx_word' id='word_1_125' title='bbox 915 1769 1017 1830; x_wconf 90' lang='lat' dir='ltr'>sensui</span> <span class='ocrx_word' id='word_1_126' title='bbox 1038 1769 1168 1847; x_wconf 89' lang='lat' dir='ltr'>parebat,</span> <span class='ocrx_word' id='word_1_127' title='bbox 1191 1787 1318 1830; x_wconf 88' lang='lat' dir='ltr'>eonsen-</span> 
     </span>
     <span class='ocr_line' id='line_1_16' title="bbox 177 1866 1318 1945; baseline 0.001 -18"><span class='ocrx_word' id='word_1_128' title='bbox 177 1886 243 1928; x_wconf 91' lang='lat' dir='ltr'>sum</span> <span class='ocrx_word' id='word_1_129' title='bbox 272 1886 334 1928; x_wconf 91' lang='lat' dir='ltr'>non</span> <span class='ocrx_word' id='word_1_130' title='bbox 360 1868 498 1945; x_wconf 63' lang='lat' dir='ltr'>rogabam</span> <span class='ocrx_word' id='word_1_131' title='bbox 530 1867 570 1928; x_wconf 91' lang='lat' dir='ltr'>ita</span> <span class='ocrx_word' id='word_1_132' title='bbox 599 1867 751 1927; x_wconf 84' lang='lat' dir='ltr'>barthio</span> <span class='ocrx_word' id='word_1_133' title='bbox 778 1866 810 1926; x_wconf 93' lang='lat' dir='ltr'>iu</span> <span class='ocrx_word' id='word_1_134' title='bbox 833 1867 1006 1928; x_wconf 89' lang='lat' dir='ltr'>adversariis</span> <span class='ocrx_word' id='word_1_135' title='bbox 1029 1867 1221 1928; x_wconf 87' lang='lat' dir='ltr'>audacissime</span> <span class='ocrx_word' id='word_1_136' title='bbox 1244 1886 1318 1929; x_wconf 90' lang='lat' dir='ltr'>eon-</span> 
     </span>
     <span class='ocr_line' id='line_1_17' title="bbox 176 1963 1317 2045; baseline -0.001 -19"><span class='ocrx_word' id='word_1_137' title='bbox 176 1966 294 2044; x_wconf 88' lang='lat' dir='ltr'>scriptis</span> <span class='ocrx_word' id='word_1_138' title='bbox 317 1965 490 2027; x_wconf 86' lang='lat' dir='ltr'>brevissime</span> <span class='ocrx_word' id='word_1_139' title='bbox 512 1965 641 2042; x_wconf 84' lang='lat' dir='ltr'>tangitur</span> <span class='ocrx_word' id='word_1_140' title='bbox 657 1965 810 2026; x_wconf 90' lang='lat' dir='ltr'>Halieutici</span> <span class='ocrx_word' id='word_1_141' title='bbox 831 1965 899 2027; x_wconf 92' lang='lat' dir='ltr'>libri</span> <span class='ocrx_word' id='word_1_142' title='bbox 920 1966 1048 2045; x_wconf 88' lang='lat' dir='ltr'>scriptor</span> <span class='ocrx_word' id='word_1_143' title='bbox 1070 1963 1174 2042; x_wconf 83' lang='lat' dir='ltr'>(XLIX</span> <span class='ocrx_word' id='word_1_144' title='bbox 1189 1984 1250 2044; x_wconf 88' lang='lat' dir='ltr'>cap.</span> <span class='ocrx_word' id='word_1_145' title='bbox 1269 1967 1317 2041; x_wconf 85' lang='lat'>7):</span> 
     </span>
     <span class='ocr_line' id='line_1_18' title="bbox 176 2063 1318 2144; baseline 0 -21"><span class='ocrx_word' id='word_1_146' title='bbox 176 2063 351 2143; x_wconf 82' lang='lat' dir='ltr'>„Olympius</span> <span class='ocrx_word' id='word_1_147' title='bbox 374 2073 477 2126; x_wconf 88' lang='lat' dir='ltr'>tamen</span> <span class='ocrx_word' id='word_1_148' title='bbox 491 2073 575 2144; x_wconf 87' lang='lat' dir='ltr'>puto,</span> <span class='ocrx_word' id='word_1_149' title='bbox 598 2083 659 2125; x_wconf 94' lang='lat' dir='ltr'>non</span> <span class='ocrx_word' id='word_1_150' title='bbox 676 2063 797 2125; x_wconf 85' lang='lat' dir='ltr'>Ovidius</span> <span class='ocrx_word' id='word_1_151' title='bbox 804 2083 813 2136; x_wconf 92' lang='lat'>,·</span> <span class='ocrx_word' id='word_1_152' title='bbox 835 2082 904 2124; x_wconf 91' lang='lat' dir='ltr'>nam</span> <span class='ocrx_word' id='word_1_153' title='bbox 921 2063 1132 2123; x_wconf 84' lang='lat' dir='ltr'>Nemesianum</span> <span class='ocrx_word' id='word_1_154' title='bbox 1155 2064 1318 2125; x_wconf 86' lang='lat' dir='ltr'>Halieutiea</span> 
     </span>
     <span class='ocr_line' id='line_1_19' title="bbox 177 2160 1318 2241; baseline -0.002 -19"><span class='ocrx_word' id='word_1_155' title='bbox 177 2162 331 2241; x_wconf 90' lang='lat' dir='ltr'>scripsisse</span> <span class='ocrx_word' id='word_1_156' title='bbox 354 2162 427 2223; x_wconf 90' lang='lat' dir='ltr'>adeo</span> <span class='ocrx_word' id='word_1_157' title='bbox 450 2181 554 2224; x_wconf 86' lang='lat' dir='ltr'>verum</span> <span class='ocrx_word' id='word_1_158' title='bbox 576 2171 667 2224; x_wconf 88' lang='lat' dir='ltr'>est..</span> <span class='ocrx_word' id='word_1_159' title='bbox 685 2207 716 2223; x_wconf 87' lang='lat'>..</span> <span class='ocrx_word' id='word_1_160' title='bbox 741 2162 832 2223; x_wconf 84' lang='lat' dir='ltr'>Stilus</span> <span class='ocrx_word' id='word_1_161' title='bbox 855 2170 956 2223; x_wconf 90' lang='lat' dir='ltr'>autern</span> <span class='ocrx_word' id='word_1_162' title='bbox 979 2161 1066 2222; x_wconf 88' lang='lat' dir='ltr'>buius</span> <span class='ocrx_word' id='word_1_163' title='bbox 1082 2160 1240 2239; x_wconf 78' lang='lat' dir='ltr'>fragmenti</span> <span class='ocrx_word' id='word_1_164' title='bbox 1262 2179 1318 2241; x_wconf 92' lang='lat' dir='ltr'>po-</span> 
     </span>
     <span class='ocr_line' id='line_1_20' title="bbox 176 2259 1318 2339; baseline -0.001 -20"><span class='ocrx_word' id='word_1_165' title='bbox 176 2259 237 2321; x_wconf 89' lang='lat' dir='ltr'>tius</span> <span class='ocrx_word' id='word_1_166' title='bbox 265 2269 295 2322; x_wconf 90' lang='lat' dir='ltr'>et</span> <span class='ocrx_word' id='word_1_167' title='bbox 325 2279 429 2322; x_wconf 86' lang='lat' dir='ltr'>aevum</span> <span class='ocrx_word' id='word_1_168' title='bbox 459 2269 489 2322; x_wconf 90' lang='lat' dir='ltr'>et</span> <span class='ocrx_word' id='word_1_169' title='bbox 515 2261 667 2339; x_wconf 85' lang='lat' dir='ltr'>ingenium</span> <span class='ocrx_word' id='word_1_170' title='bbox 691 2260 819 2339; x_wconf 81' lang='lat' dir='ltr'>Olympii</span> <span class='ocrx_word' id='word_1_171' title='bbox 848 2261 954 2331; x_wconf 83' lang='lat' dir='ltr'>refert,</span> <span class='ocrx_word' id='word_1_172' title='bbox 986 2277 1073 2339; x_wconf 92' lang='lat' dir='ltr'>quarn</span> <span class='ocrx_word' id='word_1_173' title='bbox 1098 2259 1209 2332; x_wconf 76' lang='lat' dir='ltr'>Ovidii,</span> <span class='ocrx_word' id='word_1_174' title='bbox 1239 2260 1318 2338; x_wconf 92' lang='lat' dir='ltr'>quod</span> 
     </span>
     <span class='ocr_line' id='line_1_21' title="bbox 176 2357 1318 2439; baseline -0.002 -20"><span class='ocrx_word' id='word_1_175' title='bbox 176 2376 266 2421; x_wconf 89' lang='lat' dir='ltr'>nemo</span> <span class='ocrx_word' id='word_1_176' title='bbox 300 2361 436 2439; x_wconf 86' lang='lat' dir='ltr'>equidem</span> <span class='ocrx_word' id='word_1_177' title='bbox 471 2361 634 2438; x_wconf 78' lang='lat' dir='ltr'>negarerit3</span> <span class='ocrx_word' id='word_1_178' title='bbox 667 2368 696 2420; x_wconf 93' lang='lat' dir='ltr'>et</span> <span class='ocrx_word' id='word_1_179' title='bbox 724 2359 794 2419; x_wconf 93' lang='lat' dir='ltr'>inde</span> <span class='ocrx_word' id='word_1_180' title='bbox 823 2358 966 2419; x_wconf 86' lang='lat' dir='ltr'>iudicium</span> <span class='ocrx_word' id='word_1_181' title='bbox 995 2357 1179 2420; x_wconf 77' lang='lat' dir='ltr'>irrefutabile</span> <span class='ocrx_word' id='word_1_182' title='bbox 1209 2357 1318 2418; x_wconf 90' lang='lat' dir='ltr'>merito</span> 
     </span>
     <span class='ocr_line' id='line_1_22' title="bbox 178 2455 1318 2538; baseline -0.004 -18"><span class='ocrx_word' id='word_1_183' title='bbox 178 2477 296 2521; x_wconf 91' lang='lat' dir='ltr'>summo</span> <span class='ocrx_word' id='word_1_184' title='bbox 326 2456 480 2538; x_wconf 91' lang='lat' dir='ltr'>capitur“l</span> <span class='ocrx_word' id='word_1_185' title='bbox 541 2460 627 2532; x_wconf 84' lang='lat' dir='ltr'>Quod</span> <span class='ocrx_word' id='word_1_186' title='bbox 661 2459 767 2519; x_wconf 90' lang='lat' dir='ltr'>merito</span> <span class='ocrx_word' id='word_1_187' title='bbox 796 2476 868 2519; x_wconf 90' lang='lat' dir='ltr'>sane</span> <span class='ocrx_word' id='word_1_188' title='bbox 896 2475 1013 2518; x_wconf 92' lang='lat' dir='ltr'>summo</span> <span class='ocrx_word' id='word_1_189' title='bbox 1048 2475 1146 2535; x_wconf 91' lang='lat' dir='ltr'>neque</span> <span class='ocrx_word' id='word_1_190' title='bbox 1172 2455 1318 2516; x_wconf 89' lang='lat' dir='ltr'>levissime</span> 
     </span>
     <span class='ocr_line' id='line_1_23' title="bbox 176 2553 1317 2635; baseline -0.003 -19"><span class='ocrx_word' id='word_1_191' title='bbox 176 2556 338 2618; x_wconf 90' lang='lat' dir='ltr'>iudicatum</span> <span class='ocrx_word' id='word_1_192' title='bbox 366 2566 460 2628; x_wconf 87' lang='lat' dir='ltr'>esset,</span> <span class='ocrx_word' id='word_1_193' title='bbox 495 2557 519 2617; x_wconf 92' lang='lat' dir='ltr'>si</span> <span class='ocrx_word' id='word_1_194' title='bbox 548 2575 656 2635; x_wconf 87' lang='lat' dir='ltr'>negare</span> <span class='ocrx_word' id='word_1_195' title='bbox 684 2556 739 2617; x_wconf 91' lang='lat' dir='ltr'>viri</span> <span class='ocrx_word' id='word_1_196' title='bbox 761 2555 809 2616; x_wconf 90' lang='lat' dir='ltr'>isti</span> <span class='ocrx_word' id='word_1_197' title='bbox 831 2555 896 2617; x_wconf 89' lang='lat' dir='ltr'>sine</span> <span class='ocrx_word' id='word_1_198' title='bbox 918 2555 1115 2617; x_wconf 82' lang='lat' dir='ltr'>affirmatione</span> <span class='ocrx_word' id='word_1_199' title='bbox 1137 2553 1317 2615; x_wconf 89' lang='lat' dir='ltr'>calluissent.</span> 
     </span>
     <span class='ocr_line' id='line_1_24' title="bbox 176 2653 1318 2733; baseline -0.002 -19"><span class='ocrx_word' id='word_1_200' title='bbox 176 2654 290 2715; x_wconf 80' lang='lat' dir='ltr'>Eodem</span> <span class='ocrx_word' id='word_1_201' title='bbox 314 2654 466 2718; x_wconf 88' lang='lat' dir='ltr'>dubitandi</span> <span class='ocrx_word' id='word_1_202' title='bbox 487 2655 586 2716; x_wconf 89' lang='lat' dir='ltr'>studio</span> <span class='ocrx_word' id='word_1_203' title='bbox 609 2663 672 2716; x_wconf 92' lang='lat' dir='ltr'>orta</span> <span class='ocrx_word' id='word_1_204' title='bbox 696 2655 768 2715; x_wconf 89' lang='lat' dir='ltr'>mira</span> <span class='ocrx_word' id='word_1_205' title='bbox 790 2654 837 2714; x_wconf 89' lang='lat' dir='ltr'>illa</span> <span class='ocrx_word' id='word_1_206' title='bbox 853 2655 941 2715; x_wconf 88' lang='lat' dir='ltr'>verba</span> <span class='ocrx_word' id='word_1_207' title='bbox 956 2654 1095 2716; x_wconf 87' lang='lat' dir='ltr'>videntur</span> <span class='ocrx_word' id='word_1_208' title='bbox 1110 2672 1185 2733; x_wconf 92' lang='lat' dir='ltr'>quae</span> <span class='ocrx_word' id='word_1_209' title='bbox 1200 2653 1318 2733; x_wconf 87' lang='lat' dir='ltr'>scripsit</span> 
     </span>
     <span class='ocr_line' id='line_1_25' title="bbox 176 2752 1318 2832; baseline -0.001 -20"><span class='ocrx_word' id='word_1_210' title='bbox 176 2752 291 2814; x_wconf 89' lang='lat' dir='ltr'>Pierius</span> <span class='ocrx_word' id='word_1_211' title='bbox 310 2754 483 2816; x_wconf 89' lang='lat' dir='ltr'>Valerianus</span> <span class='ocrx_word' id='word_1_212' title='bbox 504 2755 536 2816; x_wconf 92' lang='lat' dir='ltr'>in</span> <span class='ocrx_word' id='word_1_213' title='bbox 558 2753 790 2832; x_wconf 78' lang='lat' dir='ltr'>Hieroglypbicis</span> <span class='ocrx_word' id='word_1_214' title='bbox 813 2754 849 2814; x_wconf 92' lang='lat' dir='ltr'>de</span> <span class='ocrx_word' id='word_1_215' title='bbox 872 2755 931 2815; x_wconf 87' lang='lat' dir='ltr'>hoc</span> <span class='ocrx_word' id='word_1_216' title='bbox 952 2753 1098 2814; x_wconf 87' lang='lat' dir='ltr'>carmine:</span> <span class='ocrx_word' id='word_1_217' title='bbox 1120 2753 1218 2832; x_wconf 85' lang='lat' dir='ltr'>„quod</span> <span class='ocrx_word' id='word_1_218' title='bbox 1242 2770 1318 2830; x_wconf 93' lang='lat' dir='ltr'>opus</span> 
     </span>
     <span class='ocr_line' id='line_1_26' title="bbox 176 2848 1318 2930; baseline -0.003 -19"><span class='ocrx_word' id='word_1_219' title='bbox 176 2851 246 2911; x_wconf 91' lang='lat' dir='ltr'>olim</span> <span class='ocrx_word' id='word_1_220' title='bbox 273 2871 290 2912; x_wconf 88' lang='lat' dir='ltr'>a</span> <span class='ocrx_word' id='word_1_221' title='bbox 318 2852 435 2930; x_wconf 82' lang='lat' dir='ltr'>Nigidio</span> <span class='ocrx_word' id='word_1_222' title='bbox 465 2852 670 2914; x_wconf 90' lang='lat' dir='ltr'>elucubratum</span> <span class='ocrx_word' id='word_1_223' title='bbox 700 2871 765 2912; x_wconf 89' lang='lat' dir='ltr'>esse</span> <span class='ocrx_word' id='word_1_224' title='bbox 788 2851 897 2912; x_wconf 87' lang='lat' dir='ltr'>aiunt“</span> <span class='ocrx_word' id='word_1_225' title='bbox 920 2848 955 2930; x_wconf 83' lang='lat' dir='ltr'>(l)</span> <span class='ocrx_word' id='word_1_226' title='bbox 999 2870 1072 2930; x_wconf 90' lang='lat' dir='ltr'>quae</span> <span class='ocrx_word' id='word_1_227' title='bbox 1101 2870 1160 2929; x_wconf 92' lang='lat' dir='ltr'>quo</span> <span class='ocrx_word' id='word_1_228' title='bbox 1185 2851 1318 2911; x_wconf 89' lang='lat' dir='ltr'>nitantur</span> 
     </span>
     <span class='ocr_line' id='line_1_27' title="bbox 176 2946 1316 3036; baseline -0.004 -27"><span class='ocrx_word' id='word_1_229' title='bbox 176 2966 238 3009; x_wconf 89' lang='lat' dir='ltr'>non</span> <span class='ocrx_word' id='word_1_230' title='bbox 264 2948 428 3025; x_wconf 78' lang='lat' dir='ltr'>invenitur3</span> <span class='ocrx_word' id='word_1_231' title='bbox 460 2951 497 3011; x_wconf 87' lang='lat' dir='ltr'>cf.</span> <span class='ocrx_word' id='word_1_232' title='bbox 526 2969 602 3030; x_wconf 92' lang='lat' dir='ltr'>quae</span> <span class='ocrx_word' id='word_1_233' title='bbox 628 2949 712 3011; x_wconf 89' lang='lat' dir='ltr'>solita</span> <span class='ocrx_word' id='word_1_234' title='bbox 740 2950 874 3012; x_wconf 88' lang='lat' dir='ltr'>doctrina</span> <span class='ocrx_word' id='word_1_235' title='bbox 902 2950 1032 3036; x_wconf 83' lang='lat' dir='ltr'>enotavit</span> <span class='ocrx_word' id='word_1_236' title='bbox 1060 2948 1098 3008; x_wconf 82' lang='lat' dir='ltr'>bl.</span> <span class='ocrx_word' id='word_1_237' title='bbox 1121 2948 1257 3009; x_wconf 87' lang='lat' dir='ltr'>llertzius</span> <span class='ocrx_word' id='word_1_238' title='bbox 1284 2946 1316 3006; x_wconf 93' lang='lat' dir='ltr'>in</span> 
     </span>
     <span class='ocr_line' id='line_1_28' title="bbox 174 3043 1316 3127; baseline -0.004 -19"><span class='ocrx_word' id='word_1_239' title='bbox 174 3046 249 3108; x_wconf 90' lang='lat' dir='ltr'>libro</span> <span class='ocrx_word' id='word_1_240' title='bbox 272 3047 313 3108; x_wconf 89' lang='lat' dir='ltr'>De</span> <span class='ocrx_word' id='word_1_241' title='bbox 335 3047 367 3108; x_wconf 90' lang='lat' dir='ltr'>P.</span> <span class='ocrx_word' id='word_1_242' title='bbox 384 3047 491 3126; x_wconf 89' lang='lat' dir='ltr'>Nigidii</span> <span class='ocrx_word' id='word_1_243' title='bbox 512 3047 606 3126; x_wconf 66' lang='lat' dir='ltr'>ripen</span> <span class='ocrx_word' id='word_1_244' title='bbox 629 3048 734 3109; x_wconf 90' lang='lat' dir='ltr'>studiis</span> <span class='ocrx_word' id='word_1_245' title='bbox 756 3058 844 3127; x_wconf 86' lang='lat' dir='ltr'>atque</span> <span class='ocrx_word' id='word_1_246' title='bbox 867 3047 1005 3127; x_wconf 92' lang='lat' dir='ltr'>operibus</span> <span class='ocrx_word' id='word_1_247' title='bbox 1029 3046 1141 3126; x_wconf 90' lang='lat' dir='ltr'>scripto</span> <span class='ocrx_word' id='word_1_248' title='bbox 1162 3066 1192 3125; x_wconf 90' lang='lat' dir='ltr'>p.</span> <span class='ocrx_word' id='word_1_249' title='bbox 1217 3043 1257 3104; x_wconf 87' lang='grc'>49</span> <span class='ocrx_word' id='word_1_250' title='bbox 1271 3062 1316 3123; x_wconf 91' lang='lat' dir='ltr'>sq.</span> 
     </span>
     <span class='ocr_line' id='line_1_29' title="bbox 174 3143 1315 3209; baseline -0.002 -4"><span class='ocrx_word' id='word_1_251' title='bbox 174 3145 247 3207; x_wconf 90' lang='lat' dir='ltr'>Post</span> <span class='ocrx_word' id='word_1_252' title='bbox 269 3145 422 3208; x_wconf 88' lang='lat' dir='ltr'>Barthium</span> <span class='ocrx_word' id='word_1_253' title='bbox 443 3145 585 3208; x_wconf 91' lang='lat' dir='ltr'>Ulitius</span> <span class='ocrx_word' id='word_1_254' title='bbox 601 3145 643 3207; x_wconf 89' lang='lat' dir='ltr'>rei</span> <span class='ocrx_word' id='word_1_255' title='bbox 660 3146 809 3209; x_wconf 86' lang='lat' dir='ltr'>venaticae</span> <span class='ocrx_word' id='word_1_256' title='bbox 824 3152 939 3207; x_wconf 89' lang='lat' dir='ltr'>amator</span> <span class='ocrx_word' id='word_1_257' title='bbox 953 3153 983 3206; x_wconf 93' lang='lat' dir='ltr'>et</span> <span class='ocrx_word' id='word_1_258' title='bbox 998 3163 1059 3206; x_wconf 94' lang='lat' dir='ltr'>non</span> <span class='ocrx_word' id='word_1_259' title='bbox 1083 3144 1182 3205; x_wconf 90' lang='lat' dir='ltr'>minus</span> <span class='ocrx_word' id='word_1_260' title='bbox 1204 3143 1315 3204; x_wconf 87' lang='lat' dir='ltr'>illiner-</span> 
     </span>
     <span class='ocr_line' id='line_1_30' title="bbox 174 3241 1316 3322; baseline 0 -20"><span class='ocrx_word' id='word_1_261' title='bbox 174 3261 241 3304; x_wconf 90' lang='lat' dir='ltr'>vam</span> <span class='ocrx_word' id='word_1_262' title='bbox 267 3242 422 3304; x_wconf 89' lang='lat' dir='ltr'>montibus</span> <span class='ocrx_word' id='word_1_263' title='bbox 445 3262 534 3322; x_wconf 91' lang='lat' dir='ltr'>quam</span> <span class='ocrx_word' id='word_1_264' title='bbox 557 3243 667 3305; x_wconf 90' lang='lat' dir='ltr'>chartis</span> <span class='ocrx_word' id='word_1_265' title='bbox 691 3243 811 3304; x_wconf 82' lang='lat' dir='ltr'>Dianam</span> <span class='ocrx_word' id='word_1_266' title='bbox 834 3245 966 3306; x_wconf 88' lang='lat' dir='ltr'>inerrare</span> <span class='ocrx_word' id='word_1_267' title='bbox 989 3251 1127 3322; x_wconf 82' lang='lat' dir='ltr'>expertus</span> <span class='ocrx_word' id='word_1_268' title='bbox 1150 3260 1219 3303; x_wconf 89' lang='lat' dir='ltr'>cum</span> <span class='ocrx_word' id='word_1_269' title='bbox 1241 3241 1316 3302; x_wconf 89' lang='lat' dir='ltr'>Gra-</span> 
     </span>
     <span class='ocr_line' id='line_1_31' title="bbox 173 3340 1315 3421; baseline -0.001 -20"><span class='ocrx_word' id='word_1_270' title='bbox 173 3341 249 3402; x_wconf 85' lang='lat' dir='ltr'>tium</span> <span class='ocrx_word' id='word_1_271' title='bbox 272 3360 362 3404; x_wconf 92' lang='lat' dir='ltr'>suum</span> <span class='ocrx_word' id='word_1_272' title='bbox 385 3349 424 3403; x_wconf 72' lang='lat' dir='ltr'>et.</span> <span class='ocrx_word' id='word_1_273' title='bbox 437 3342 539 3403; x_wconf 89' lang='lat' dir='ltr'>ederet</span> <span class='ocrx_word' id='word_1_274' title='bbox 560 3351 590 3403; x_wconf 92' lang='lat' dir='ltr'>et</span> <span class='ocrx_word' id='word_1_275' title='bbox 609 3343 778 3415; x_wconf 90' lang='lat' dir='ltr'>illustraret,</span> <span class='ocrx_word' id='word_1_276' title='bbox 801 3341 911 3421; x_wconf 86' lang='lat' dir='ltr'>sprevit</span> <span class='ocrx_word' id='word_1_277' title='bbox 926 3341 1045 3421; x_wconf 89' lang='lat' dir='ltr'>quidem</span> <span class='ocrx_word' id='word_1_278' title='bbox 1062 3340 1240 3420; x_wconf 81' lang='lat' dir='ltr'>Olympium,</span> <span class='ocrx_word' id='word_1_279' title='bbox 1263 3340 1315 3400; x_wconf 86' lang='lat' dir='ltr'>sed</span> 
     </span>
     <span class='ocr_line' id='line_1_32' title="bbox 173 3438 1316 3521; baseline 0.002 -23"><span class='ocrx_word' id='word_1_280' title='bbox 173 3438 266 3518; x_wconf 88' lang='lat' dir='ltr'>ipsius</span> <span class='ocrx_word' id='word_1_281' title='bbox 288 3439 371 3501; x_wconf 89' lang='lat' dir='ltr'>Grati</span> <span class='ocrx_word' id='word_1_282' title='bbox 388 3458 499 3502; x_wconf 88' lang='lat' dir='ltr'>nomen</span> <span class='ocrx_word' id='word_1_283' title='bbox 514 3439 687 3521; x_wconf 86' lang='lat' dir='ltr'>piscatoriae</span> <span class='ocrx_word' id='word_1_284' title='bbox 709 3440 766 3500; x_wconf 88' lang='lat' dir='ltr'>arti</span> <span class='ocrx_word' id='word_1_285' title='bbox 788 3440 911 3515; x_wconf 78' lang='lat' dir='ltr'>adiecit3</span> <span class='ocrx_word' id='word_1_286' title='bbox 933 3439 1129 3520; x_wconf 89' lang='lat' dir='ltr'>nequeenim</span> <span class='ocrx_word' id='word_1_287' title='bbox 1152 3457 1222 3500; x_wconf 88' lang='lat' dir='ltr'>casu</span> <span class='ocrx_word' id='word_1_288' title='bbox 1239 3439 1316 3500; x_wconf 89' lang='lat' dir='ltr'>hanc</span> 
     </span>
     <span class='ocr_line' id='line_1_33' title="bbox 174 3536 1315 3618; baseline 0 -21"><span class='ocrx_word' id='word_1_289' title='bbox 174 3536 312 3598; x_wconf 89' lang='lat' dir='ltr'>credebat</span> <span class='ocrx_word' id='word_1_290' title='bbox 345 3538 509 3618; x_wconf 86' lang='lat' dir='ltr'>antiquitus</span> <span class='ocrx_word' id='word_1_291' title='bbox 537 3547 566 3600; x_wconf 90' lang='lat' dir='ltr'>et</span> <span class='ocrx_word' id='word_1_292' title='bbox 593 3538 629 3600; x_wconf 90' lang='lat' dir='ltr'>ab</span> <span class='ocrx_word' id='word_1_293' title='bbox 658 3537 808 3601; x_wconf 81' lang='lat' dir='ltr'>Ouidianis</span> <span class='ocrx_word' id='word_1_294' title='bbox 837 3538 955 3617; x_wconf 88' lang='lat' dir='ltr'>seriptis</span> <span class='ocrx_word' id='word_1_295' title='bbox 981 3537 1120 3600; x_wconf 89' lang='lat' dir='ltr'>omnibus</span> <span class='ocrx_word' id='word_1_296' title='bbox 1151 3543 1315 3616; x_wconf 87' lang='lat' dir='ltr'>separatam</span> 
     </span>
     <span class='ocr_line' id='line_1_34' title="bbox 173 3634 1314 3715; baseline 0.001 -22"><span class='ocrx_word' id='word_1_297' title='bbox 173 3634 228 3712; x_wconf 87' lang='lat' dir='ltr'>legi</span> <span class='ocrx_word' id='word_1_298' title='bbox 249 3643 281 3697; x_wconf 91' lang='lat' dir='ltr'>et</span> <span class='ocrx_word' id='word_1_299' title='bbox 303 3636 462 3715; x_wconf 79' lang='lat' dir='ltr'>praelixam</span> <span class='ocrx_word' id='word_1_300' title='bbox 485 3637 594 3698; x_wconf 88' lang='lat' dir='ltr'>Gratio.</span> <span class='ocrx_word' id='word_1_301' title='bbox 639 3638 736 3709; x_wconf 86' lang='lat' dir='ltr'>Quam</span> <span class='ocrx_word' id='word_1_302' title='bbox 759 3638 882 3698; x_wconf 89' lang='lat' dir='ltr'>eandem</span> <span class='ocrx_word' id='word_1_303' title='bbox 906 3637 1082 3699; x_wconf 85' lang='lat' dir='ltr'>sententiam</span> <span class='ocrx_word' id='word_1_304' title='bbox 1098 3636 1314 3697; x_wconf 88' lang='lat' dir='ltr'>Wernsdorfius</span> 
     </span>
     <span class='ocr_line' id='line_1_35' title="bbox 173 3733 1315 3816; baseline -0.001 -22"><span class='ocrx_word' id='word_1_305' title='bbox 173 3735 326 3814; x_wconf 84' lang='lat' dir='ltr'>amplexus</span> <span class='ocrx_word' id='word_1_306' title='bbox 349 3735 500 3797; x_wconf 86' lang='lat' dir='ltr'>sermonis</span> <span class='ocrx_word' id='word_1_307' title='bbox 522 3754 640 3816; x_wconf 88' lang='lat' dir='ltr'>quoque</span> <span class='ocrx_word' id='word_1_308' title='bbox 657 3734 790 3796; x_wconf 86' lang='lat' dir='ltr'>Gratiani</span> <span class='ocrx_word' id='word_1_309' title='bbox 812 3737 944 3815; x_wconf 84' lang='lat' dir='ltr'>exempla</span> <span class='ocrx_word' id='word_1_310' title='bbox 968 3755 1004 3796; x_wconf 82' lang='lat' dir='ltr'>ex</span> <span class='ocrx_word' id='word_1_311' title='bbox 1025 3734 1193 3797; x_wconf 88' lang='lat' dir='ltr'>Halieuticis</span> <span class='ocrx_word' id='word_1_312' title='bbox 1217 3733 1315 3812; x_wconf 86' lang='lat' dir='ltr'>expis-</span> 
     </span>
     <span class='ocr_line' id='line_1_36' title="bbox 174 3832 1314 3914; baseline -0.002 -21"><span class='ocrx_word' id='word_1_313' title='bbox 174 3832 234 3894; x_wconf 88' lang='lat' dir='ltr'>cari</span> <span class='ocrx_word' id='word_1_314' title='bbox 260 3833 420 3895; x_wconf 88' lang='lat' dir='ltr'>intentiore</span> <span class='ocrx_word' id='word_1_315' title='bbox 449 3834 549 3896; x_wconf 89' lang='lat' dir='ltr'>studio</span> <span class='ocrx_word' id='word_1_316' title='bbox 573 3833 712 3912; x_wconf 88' lang='lat' dir='ltr'>suscepit.</span> <span class='ocrx_word' id='word_1_317' title='bbox 757 3833 861 3914; x_wconf 88' lang='lat' dir='ltr'>ltaque</span> <span class='ocrx_word' id='word_1_318' title='bbox 889 3833 1045 3897; x_wconf 83' lang='lat' dir='ltr'>subditicio</span> <span class='ocrx_word' id='word_1_319' title='bbox 1069 3832 1228 3894; x_wconf 88' lang='lat' dir='ltr'>Halieutica</span> <span class='ocrx_word' id='word_1_320' title='bbox 1249 3849 1314 3892; x_wconf 91' lang='lat' dir='ltr'>esse</span> 
     </span>
     <span class='ocr_line' id='line_1_37' title="bbox 172 3931 1314 4011; baseline 0.001 -21"><span class='ocrx_word' id='word_1_321' title='bbox 172 3931 245 3991; x_wconf 89' lang='lat' dir='ltr'>adeo</span> <span class='ocrx_word' id='word_1_322' title='bbox 268 3932 389 4011; x_wconf 89' lang='lat' dir='ltr'>planum</span> <span class='ocrx_word' id='word_1_323' title='bbox 403 3941 484 4003; x_wconf 84' lang='lat' dir='ltr'>erat,</span> <span class='ocrx_word' id='word_1_324' title='bbox 509 3940 543 3994; x_wconf 90' lang='lat' dir='ltr'>ut</span> <span class='ocrx_word' id='word_1_325' title='bbox 563 3931 641 3994; x_wconf 92' lang='lat' dir='ltr'>bene</span> <span class='ocrx_word' id='word_1_326' title='bbox 664 3933 772 3993; x_wconf 90' lang='lat' dir='ltr'>mereri</span> <span class='ocrx_word' id='word_1_327' title='bbox 795 3933 822 3993; x_wconf 92' lang='lat' dir='ltr'>is</span> <span class='ocrx_word' id='word_1_328' title='bbox 842 3933 963 3995; x_wconf 88' lang='lat' dir='ltr'>demum</span> <span class='ocrx_word' id='word_1_329' title='bbox 979 3933 1130 4004; x_wconf 75' lang='lat' dir='ltr'>rideretur</span> <span class='ocrx_word' id='word_1_330' title='bbox 1145 3931 1196 4010; x_wconf 93' lang='lat' dir='ltr'>qui</span> <span class='ocrx_word' id='word_1_331' title='bbox 1211 3947 1314 3991; x_wconf 84' lang='lat' dir='ltr'>verum</span> 
     </span>
     <span class='ocr_line' id='line_1_38' title="bbox 171 4028 1314 4108; baseline -0.001 -19"><span class='ocrx_word' id='word_1_332' title='bbox 171 4029 293 4090; x_wconf 91' lang='lat' dir='ltr'>tandem</span> <span class='ocrx_word' id='word_1_333' title='bbox 324 4030 499 4108; x_wconf 88' lang='lat' dir='ltr'>scriptorem</span> <span class='ocrx_word' id='word_1_334' title='bbox 527 4039 654 4092; x_wconf 88' lang='lat' dir='ltr'>erueret.</span> <span class='ocrx_word' id='word_1_335' title='bbox 703 4031 780 4103; x_wconf 79' lang='lat' dir='ltr'>Quid</span> <span class='ocrx_word' id='word_1_336' title='bbox 814 4031 969 4092; x_wconf 91' lang='lat' dir='ltr'>omiserint</span> <span class='ocrx_word' id='word_1_337' title='bbox 996 4031 1037 4092; x_wconf 91' lang='lat' dir='ltr'>illi</span> <span class='ocrx_word' id='word_1_338' title='bbox 1066 4031 1214 4098; x_wconf 89' lang='lat' dir='ltr'>luculente</span> <span class='ocrx_word' id='word_1_339' title='bbox 1246 4028 1314 4089; x_wconf 93' lang='lat' dir='ltr'>illu-</span> 
     </span>
     <span class='ocr_line' id='line_1_39' title="bbox 171 4124 1315 4207; baseline -0.002 -18"><span class='ocrx_word' id='word_1_340' title='bbox 171 4135 283 4189; x_wconf 87' lang='lat' dir='ltr'>stratur</span> <span class='ocrx_word' id='word_1_341' title='bbox 304 4129 490 4207; x_wconf 85' lang='lat' dir='ltr'>praelatione</span> <span class='ocrx_word' id='word_1_342' title='bbox 511 4129 546 4190; x_wconf 86' lang='lat' dir='ltr'>R.</span> <span class='ocrx_word' id='word_1_343' title='bbox 570 4128 670 4207; x_wconf 83' lang='lat' dir='ltr'>Sterni</span> <span class='ocrx_word' id='word_1_344' title='bbox 692 4147 769 4191; x_wconf 88' lang='lat' dir='ltr'>anuo</span> <span class='ocrx_word' id='word_1_345' title='bbox 795 4127 875 4190; x_wconf 84' lang='lat'>1832</span> <span class='ocrx_word' id='word_1_346' title='bbox 899 4130 934 4191; x_wconf 86' lang='lat' dir='ltr'>ad</span> <span class='ocrx_word' id='word_1_347' title='bbox 956 4128 1092 4191; x_wconf 86' lang='lat' dir='ltr'>Gratiam</span> <span class='ocrx_word' id='word_1_348' title='bbox 1115 4127 1233 4207; x_wconf 82' lang='lat' dir='ltr'>scripta,</span> <span class='ocrx_word' id='word_1_349' title='bbox 1264 4124 1315 4187; x_wconf 93' lang='lat' dir='ltr'>ubi</span> 
     </span>
     <span class='ocr_line' id='line_1_40' title="bbox 172 4224 1313 4305; baseline 0 -20"><span class='ocrx_word' id='word_1_350' title='bbox 172 4225 262 4286; x_wconf 89' lang='lat' dir='ltr'>simul</span> <span class='ocrx_word' id='word_1_351' title='bbox 284 4244 344 4287; x_wconf 90' lang='lat' dir='ltr'>uno</span> <span class='ocrx_word' id='word_1_352' title='bbox 368 4244 420 4287; x_wconf 90' lang='lat' dir='ltr'>ore</span> <span class='ocrx_word' id='word_1_353' title='bbox 443 4235 472 4287; x_wconf 93' lang='lat' dir='ltr'>et</span> <span class='ocrx_word' id='word_1_354' title='bbox 496 4235 618 4288; x_wconf 89' lang='lat' dir='ltr'>strenue</span> <span class='ocrx_word' id='word_1_355' title='bbox 640 4235 788 4305; x_wconf 86' lang='lat' dir='ltr'>pugnatur</span> <span class='ocrx_word' id='word_1_356' title='bbox 810 4227 1165 4289; x_wconf 87' lang='lat' dir='ltr'>contraWernsdorfium</span> <span class='ocrx_word' id='word_1_357' title='bbox 1186 4224 1313 4304; x_wconf 90' lang='lat' dir='ltr'>deipsis</span> 
     </span>
     <span class='ocr_line' id='line_1_41' title="bbox 171 4322 1313 4412; baseline 0.002 -30"><span class='ocrx_word' id='word_1_358' title='bbox 171 4322 343 4385; x_wconf 88' lang='lat' dir='ltr'>Halieuticis</span> <span class='ocrx_word' id='word_1_359' title='bbox 371 4322 412 4403; x_wconf 87' lang='lat' dir='ltr'>(p.</span> <span class='ocrx_word' id='word_1_360' title='bbox 435 4323 528 4400; x_wconf 88' lang='lat' dir='ltr'>XXll)</span> <span class='ocrx_word' id='word_1_361' title='bbox 562 4332 592 4385; x_wconf 89' lang='lat' dir='ltr'>et</span> <span class='ocrx_word' id='word_1_362' title='bbox 620 4325 772 4404; x_wconf 82' lang='lat' dir='ltr'>plauditur</span> <span class='ocrx_word' id='word_1_363' title='bbox 800 4325 1000 4387; x_wconf 88' lang='lat' dir='ltr'>Wernsdorfio</span> <span class='ocrx_word' id='word_1_364' title='bbox 1020 4325 1071 4412; x_wconf 90' lang='lat' dir='ltr'>de</span> <span class='ocrx_word' id='word_1_365' title='bbox 1106 4324 1213 4402; x_wconf 89' lang='lat' dir='ltr'>eelogis</span> <span class='ocrx_word' id='word_1_366' title='bbox 1247 4324 1313 4384; x_wconf 80' lang='lat' dir='ltr'>Cal·</span> 
     </span>
     <span class='ocr_line' id='line_1_42' title="bbox 171 4421 1313 4504; baseline -0.001 -20"><span class='ocrx_word' id='word_1_367' title='bbox 171 4421 328 4504; x_wconf 86' lang='lat' dir='ltr'>purnianis·</span> <span class='ocrx_word' id='word_1_368' title='bbox 358 4440 483 4501; x_wconf 88' lang='lat' dir='ltr'>quarum</span> <span class='ocrx_word' id='word_1_369' title='bbox 516 4424 630 4486; x_wconf 89' lang='lat' dir='ltr'>nullam</span> <span class='ocrx_word' id='word_1_370' title='bbox 664 4423 791 4487; x_wconf 84' lang='lat' dir='ltr'>dandam</span> <span class='ocrx_word' id='word_1_371' title='bbox 821 4424 999 4485; x_wconf 90' lang='lat' dir='ltr'>Nemesiano</span> <span class='ocrx_word' id='word_1_372' title='bbox 1031 4440 1097 4484; x_wconf 86' lang='lat' dir='ltr'>csse</span> <span class='ocrx_word' id='word_1_373' title='bbox 1124 4422 1236 4500; x_wconf 87' lang='lat' dir='ltr'>optime</span> <span class='ocrx_word' id='word_1_374' title='bbox 1264 4421 1313 4484; x_wconf 86' lang='lat' dir='ltr'>illo</span> 
     </span>
    </p>
   </div>
   <div class='ocr_carea' id='block_1_3' title="bbox 0 0 1466 5018">
    <p class='ocr_par' dir='ltr' id='par_1_3' title="bbox 0 0 1466 5018">
     <span class='ocr_line' id='line_1_43' title="bbox 0 0 1466 5018; baseline 0 2"><span class='ocrx_word' id='word_1_375' title='bbox 0 0 1466 5018; x_wconf 95' lang='lat' dir='ltr'> </span> 
     </span>
    </p>
   </div>
  </div>
 </body>
</html>
