2924 5018
607 255 851 318 -tutt—

162 432 420 510 interpolationem
442 431 542 511 potius
564 432 787 512 deprehendere
817 451 870 511 ego
899 442 927 494 et
953 432 1182 495 vetustissimam
1206 441 1235 494 et
1259 433 1302 494 ri-

161 531 300 591 lissimam
317 531 424 591 videor.
463 530 536 592 Nom
553 532 597 592 vel
619 530 690 593 illud
707 542 827 612 optoque
840 535 926 594 remis
947 530 1127 593 inertissime
1142 532 1303 594 addidisset

93 702 96 707 ¹
160 628 287 717 scriptor
309 629 344 690 ad
368 629 552 691 nominatam
575 628 712 710 paludem
737 629 840 710 ipsam.
885 629 988 711 Neque
1012 629 1119 692 sterilis
1142 631 1221 702 diu,
1250 630 1301 693 sed

161 745 311 807 semper
333 729 417 808 palus
440 728 505 808 ipsa
529 729 652 791 dicenda
675 714 755 802 tuit.
779 749 832 791 nec
855 730 937 792 lacilc
958 730 1069 792 sentire
1091 739 1222 792 aratrum
1245 731 1302 793 dici

161 829 244 908 palus
267 829 329 908 ipsa
351 836 475 908 poterat.
519 830 612 908 igitur
633 837 702 891 ante
726 828 862 891 Servium
886 848 942 911 qua
966 838 1061 892 aetate
1085 829 1152 891 vitia
1175 831 1302 909 plurima

160 929 191 987 in
214 928 335 989 Horatio
358 928 479 990 suborta
502 938 575 991 sunt
601 929 798 1011 interpolator
819 929 956 1010 paludem
981 929 1170 1011 Pomptinam
1195 929 1301 991 clarius

159 1026 344 1088 indicandam
368 1027 451 1088 duxit
472 1046 540 1089 cum
563 1027 625 1091 fere
648 1029 694 1090 his
716 1028 821 1090 similia
844 1028 1021 1108 invenisset:

360 1177 505 1239 sterilisve
527 1178 576 1239 diu
600 1177 701 1257 glaeba
722 1187 849 1259 aptaque
871 1178 962 1240 remis

260 1275 374 1338 Viciuas
399 1276 479 1338 urbis
502 1277 554 1338 alit
576 1287 606 1338 et
628 1295 717 1356 grave
739 1277 830 1338 sentit
851 1285 992 1339 aratrum.

160 1425 259 1503 ipsum
283 1441 353 1485 vero
374 1428 449 1506 repis
470 1442 539 1506 opos
561 1432 594 1485 ut
616 1425 653 1486 de
676 1423 743 1486 divo
765 1423 838 1486 lulio
863 1424 977 1487 dictum
1001 1425 1050 1500 sit,
1080 1432 1181 1487 tamen
1203 1424 1302 1486 induci

159 1542 194 1583 eo
217 1523 350 1602 potuisse
374 1524 462 1584 etiam
478 1525 645 1603 Augustum
668 1539 730 1583 non
754 1524 939 1604 negaverim
962 1540 1090 1605 namque
1106 1522 1232 1603 Augusti
1253 1523 1302 1584 illa

160 1622 196 1683 de
220 1622 339 1684 Horatio
361 1622 396 1684 sd
421 1622 635 1684 Maecenatem:
671 1619 766 1684 Veniet
793 1640 860 1702 erqo
889 1622 925 1685 ob
954 1626 1009 1684 isto
1027 1627 1184 1707 poroo'tico
1204 1640 1303 1686 menso

160 1724 199 1783 od
229 1721 303 1784 bone
335 1725 442 1802 rapiam
475 1721 566 1802 (apud
589 1722 766 1784 Suetonium
790 1722 873 1784 Reili.
895 1742 925 1804 p.
949 1723 1003 1799 45)
1036 1740 1140 1804 parum
1173 1723 1304 1804 respexit

158 1820 360 1883 Mommsenus
384 1821 414 1881 in
439 1821 541 1882 Roem.
558 1820 741 1882 Staatsrecht
755 1820 794 1882 pp
810 1839 839 1902 p.
856 1820 926 1881 741.

244 1921 454 1982 Gravissimum
488 1928 587 1982 autem
620 1920 691 1981 ittuu
726 1938 844 2001 quoque
878 1938 943 1982 esse
977 1921 1124 1982 existumo
1153 1921 1232 2002 quod
1266 1920 1302 1981 de

160 2020 280 2082 Terenti
319 2020 420 2082 Scauri
453 2018 677 2081 commentariis
711 2026 835 2081 constat.
891 2019 994 2099 Neque
1026 2017 1106 2080 enirn
1140 2018 1303 2098 speciosior

158 2136 246 2200 quam
271 2119 365 2181 verior
381 2117 609 2198 Zangcmeisteri
631 2119 680 2179 illa
703 2117 872 2180 coniectura
894 2130 941 2179 est
956 2117 1010 2194 (lle
1024 2116 1096 2178 lior.
1114 2134 1174 2178 voc.
1192 2117 1299 2197 singul.

157 2239 185 2300 p.
195 2220 235 2280 tu
245 2220 322 2299 sqq.)
340 2234 397 2298 qua
413 2215 593 2279 admirabilis
605 2217 726 2296 qnidam
739 2216 851 2277 Charisi
868 2217 1042 2295 explanatur
1057 2217 1139 2277 locus
1154 2234 1181 2296 p.
1193 2215 1299 2277 nunt:

157 2318 327 2398 „imperiur
335 2323 354 2350 “
375 2315 513 2378 Horatius
535 2315 728 2395 epistolarum,
751 2314 898 2385 „versibus
919 2317 1069 2396 impariter
1090 2318 1230 2386 iuncts's“‚
1253 2314 1304 2378 ubi

160 2416 194 2488 Q.
221 2414 366 2478 Terentius
387 2414 515 2477 Securus
547 2417 578 2475 in
600 2417 809 2476 commentariis
840 2418 872 2476 tn
905 2424 995 2475 ortem
1016 2417 1155 2494 poetieam
1177 2414 1301 2476 tibroX

157 2516 364 2591 „adverbium‘
386 2516 476 2594 inquit
497 2512 688 2595 ,‚fiqurooit“‚·
722 2530 792 2574 nam
827 2513 852 2574 si
880 2513 984 2574 Scauri
1016 2513 1298 2574 commentariorum

158 2615 386 2678 Horatianorum
410 2614 485 2675 duos
507 2613 598 2676 libros
621 2613 656 2675 ad
680 2600 833 2675 sermones
857 2611 1038 2691 pertinuisse
1061 2612 1110 2689 (cl.
1136 2612 1244 2693 Porph.
1271 2621 1300 2674 et

157 2716 322 2777 Covnment.
341 2713 461 2794 Eruquii
477 2713 513 2774 ad
530 2713 589 2774 Sat.
605 2713 631 2773 tt
646 2713 676 2784 5,
693 2711 746 2786 92)
763 2711 912 2786 statuitur,
933 2711 1114 2790 singularem
1130 2712 1165 2773 ad
1182 2711 1300 2791 epodon

157 2814 277 2884 librum,
310 2820 453 2893 quattuor
486 2813 521 2874 od
549 2811 690 2882 carmina,
724 2811 799 2872 duos
822 2811 857 2873 ad
882 2810 1031 2891 epistulas,
1065 2811 1124 2872 iam
1147 2811 1182 2871 ad
1207 2820 1298 2873 artem

157 2915 304 2994 poeticam
328 2913 380 2993 qui
395 2912 524 2992 scriptus
540 2911 596 2973 luit
612 2918 642 2972 et
658 2910 789 2972 decimus
804 2909 860 2971 luit
875 2918 905 2971 et
920 2909 1052 2972 ultimus.
1083 2910 1183 2991 ltaque
1198 2928 1235 2970 ex
1258 2910 1299 2971 eis

156 3012 275 3093 quaead
284 2998 339 3073 nos
348 3006 569 3073 descenderunt
579 3009 680 3071 Horati
689 3007 906 3089 exemplaribus
918 3009 949 3069 iu
958 3009 1065 3090 quibus
1073 3009 1109 3071 ab
1118 3010 1222 3072 ultimo
1234 3008 1299 3072 loco

156 3112 211 3172 Ars
223 3117 336 3173 remota
349 3121 394 3172 est
417 3110 453 3171 de
467 3109 528 3189 ipsa
541 3108 655 3189 origiue
667 3109 744 3171 Artis
764 3119 793 3170 et
805 3108 936 3170 editione
948 3109 1006 3170 iam
1019 3110 1105 3188 plane
1119 3108 1191 3170 nihil
1204 3108 1300 3190 colligi

156 3212 232 3271 licet.
277 3209 388 3282 Quodsi
413 3228 445 3271 ea
469 3208 572 3270 ultimo
596 3209 660 3270 loco
682 3217 817 3290 tempore
839 3209 979 3270 Hadriani
1002 3207 1178 3281 habebatur,
1201 3210 1299 3289 specie

157 3310 181 3371 si
195 3309 293 3371 miuus
308 3308 425 3381 illustri,
442 3316 471 3385 at
484 3306 628 3370 sublustri
640 3309 742 3370 saltem
760 3329 794 3370 eo
810 3308 956 3369 trahimur
968 3314 1001 3368 ut
1014 3307 1101 3368 etiarn
1115 3307 1221 3369 editam
1235 3327 1297 3370 eam

157 3410 219 3470 loco
243 3407 345 3470 ultimo
368 3415 517 3488 putemus.
553 3407 704 3469 Praeterea
721 3407 777 3468 hoc
803 3407 936 3470 adverte:
960 3406 1108 3468 Charisius
1131 3407 1210 3468 enim
1237 3425 1298 3468 non

155 3507 261 3569 refert:
292 3507 431 3569 Horatius
452 3507 529 3570 Artis
553 3510 689 3586 poeticae,
717 3506 767 3567 sed
796 3505 933 3568 Horatius
954 3507 1167 3586 Epistularum
1200 3506 1298 3587 itaque

156 3607 242 3669 etiam
272 3608 359 3668 talem
383 3606 482 3668 Horati
511 3605 672 3667 editionem
698 3624 822 3686 eamque
844 3612 911 3684 post
934 3605 1089 3679 Scaurum,
1117 3614 1149 3666 ut
1172 3605 1297 3681 videtur,

157 3705 304 3768 exstitisse
328 3705 404 3765 clare
421 3705 575 3784 cognoscis
593 3704 624 3765 in
647 3723 704 3785 qua
728 3723 794 3765 cum
817 3704 881 3784 ipsa
896 3703 972 3766 Artis
986 3704 1141 3786 inscriptio
1162 3713 1213 3767 aut
1236 3725 1297 3768 non

155 3808 304 3885 legeretur
330 3811 381 3865 aut
403 3822 465 3865 non
487 3804 685 3885 respiceretur
706 3821 768 3866 uon
792 3804 867 3867 duos
890 3803 979 3865 libros
1002 3805 1162 3885 antiquitas
1185 3805 1297 3867 terebat

156 3904 354 3985 Epistularum
368 3903 480 3982 llorati,
494 3903 544 3964 sed
557 3891 640 3964 tres.
657 3904 805 3965 Charisius
819 3913 918 3965 autern
930 3905 1073 3965 lectiones
1085 3904 1158 3965 duas
1170 3904 1297 3966 diversas

155 4003 323 4076 coniunu't3
356 4002 388 4062 in
421 4003 510 4064 altera
538 4006 687 4082 imputeter
714 4002 887 4064 adverbium
918 4003 1064 4065 citabatur
1094 4022 1128 4062 ex
1156 4002 1297 4083 Epistulis

156 4104 224 4176 thoe
247 4108 293 4162 est
315 4119 349 4161 ex
365 4099 565 4180 Epistularum
589 4102 706 4176 tertiott
731 4101 853 4163 alteram
868 4121 936 4163 vero
960 4121 1027 4163 eum
1050 4121 1084 4162 er
1109 4101 1218 4164 Scauro
1234 4102 1297 4163 adi-

156 4211 234 4263 ceret
257 4199 308 4262 ubi
325 4199 549 4280 inscriptionem
564 4201 642 4262 Artis
657 4200 693 4262 ab
717 4200 763 4262 illa
780 4200 980 4281 Epistularum
1004 4201 1149 4263 diversum
1171 4200 1296 4275 videbat,

155 4301 213 4361 iam
229 4300 395 4362 necessario
418 4300 539 4380 plenum
556 4300 725 4362 Terentiani
748 4301 846 4380 operis
867 4300 988 4362 titulum
1012 4300 1177 4381 adpouebat
1199 4299 1294 4363 hunc:

156 4398 282 4461 Scaurus
297 4403 328 4462 in
344 4402 552 4462 commentariis
573 4404 603 4462 in
626 4410 716 4462 ortem
727 4403 864 4481 poeticam
881 4401 953 4462 libro
970 4398 1005 4461 X.
1043 4399 1144 4481 Neque
1159 4401 1204 4463 vel
1223 4398 1295 4463 illud
