2924 5018
614 273 832 342 ..aga

155 463 243 535 atque
278 454 364 517 etiam
399 472 435 516 ex
464 453 619 533 Propertio
648 452 724 515 infra
752 453 858 516 similia
885 454 1063 517 adferamus.
1113 450 1198 529 Quod
1228 477 1295 520 vero

156 553 277 616 Ovidius
306 553 424 634 scripsit
446 553 515 614 Met.
534 541 698 614 vl113852'
718 552 834 616 Primus
860 553 962 616 vidisse
980 563 1101 634 petetur
1128 556 1166 618 Et
1184 561 1297 637 primos

154 656 236 714 sociis
256 657 349 715 nimam
372 652 522 715 ostendisse
541 669 685 727 cremam,
710 653 746 714 ab
761 652 807 713 bis
829 663 855 714 et
876 670 938 714 non
952 653 1036 716 facile
1053 654 1155 717 abesse
1171 664 1297 736 poterat,

155 752 265 832 quippe
298 770 367 813 cum
394 759 480 831 poeta
509 751 565 812 hac
592 752 718 813 maxime
745 751 894 814 sermonis
921 753 1016 814 lorma
1045 753 1100 814 sibi
1132 754 1298 833 gratissima

155 858 304 912 uteretur:
329 858 471 930 „putatur
493 849 634 913 vidisse
657 860 691 914 et
713 851 831 914 visum
856 851 1051 922 ostendisse“,
1074 853 1216 932 adquam
1235 856 1299 934 pri·

155 969 220 1012 mes
242 948 287 1009 bis
310 949 442 1030 positum
465 968 527 1011 non
551 949 607 1011 nisi
624 951 755 1012 accessit.
793 951 915 1012 Solutus
938 959 1037 1013 autem
1053 951 1221 1030 anaphorae
1235 951 1299 1030 lege

155 1047 195 1111 ibi
217 1056 304 1129 poeta
326 1057 396 1121 erat,
420 1048 469 1109 ubi
491 1056 588 1111 totum
603 1049 807 1128 complebatur
823 1049 968 1111 distichon
991 1056 1021 1110 et
1043 1048 1102 1111 duo
1124 1057 1188 1111 tota
1203 1067 1299 1112 enun-

156 1148 228 1211 tiata
252 1146 519 1225 coniungebantur,
542 1148 631 1209 veluti
653 1148 826 1227 Propertius
840 1148 879 1208 lll
897 1148 946 1221 10,
964 1149 1038 1227 1sq:

257 1261 314 1322 Sed
335 1268 479 1339 tempus
501 1261 631 1323 lustrare
653 1260 715 1321 aliis
738 1259 878 1322 Helicona
900 1259 1024 1332 choreis,

301 1359 345 1420 Et
367 1378 504 1439 campum
526 1359 662 1421 Emathio
685 1359 744 1421 iam
767 1359 837 1419 dare
860 1368 1007 1440 tempus
1031 1378 1117 1439 equo.

158 1477 195 1538 cf.
232 1475 316 1536 Ovidi
355 1476 456 1536 Amor.
484 1476 496 1536 l
525 1476 572 1548 15,
604 1474 644 1536 33
664 1494 707 1555 sq.
735 1483 765 1537 et
790 1475 820 1548 2,
848 1477 885 1536 11
906 1494 965 1555 sq.3
1006 1475 1084 1536 Past.
1111 1474 1148 1536 IV
1175 1473 1236 1536 763
1255 1495 1301 1555 sq.

158 1573 248 1635 Trist.
265 1575 287 1634 V
305 1573 353 1649 12,
370 1575 410 1634 55
420 1594 481 1654 sq:

260 1699 403 1762 Cedant
418 1699 599 1762 carminibus
621 1718 705 1778 reges
727 1717 891 1780 regumque
913 1697 1066 1778 triumphi,

304 1798 420 1860 Cedat
442 1807 477 1861 et
498 1798 618 1861 auriferi
640 1800 703 1880 ripa
726 1799 854 1878 benigna
877 1798 957 1877 Tagi.

259 1895 340 1958 Vidi
363 1916 415 1976 ego
439 1897 558 1960 iactatas
581 1905 660 1961 mota
682 1897 747 1959 lace
769 1916 903 1960 crescere
925 1899 1058 1960 dammas

303 1995 348 2056 ut
370 1994 442 2056 vidi
465 1997 547 2058 nullo
570 1995 758 2058 concutiente
781 1996 866 2058 mori.

261 2093 339 2154 Pelle
361 2095 464 2174 procul
486 2095 623 2172 morbos3
647 2095 797 2158 valeant
819 2094 1015 2175 hominesque
1037 2110 1210 2175 gregesque,

303 2193 345 2254 Et
368 2194 521 2255 valeant
542 2193 654 2274 vigiles,
677 2194 798 2275 provida
822 2193 920 2266 turba,
944 2212 1043 2255 canes.

263 2290 388 2352 Omnia
410 2292 563 2355 barbariae
583 2293 647 2354 loca
670 2301 741 2354 sunt
762 2293 902 2374 vocisque
923 2292 1036 2354 ferinae

305 2390 508 2470 Omniaque
530 2390 646 2452 hostilis
669 2392 757 2471 plena
781 2399 898 2453 tumore
920 2391 996 2454 soni.

163 2516 238 2578 Item
260 2515 425 2597 Lygdamus
448 2516 484 2577 el.
501 2515 520 2577 3
535 2537 562 2583 v.
580 2517 617 2577 11
628 2535 687 2596 sq.:

264 2629 359 2690 Ante
382 2648 499 2690 meum
521 2629 618 2690 veniat
640 2629 743 2707 longos
765 2628 916 2709 incompta
939 2627 1059 2708 capillos

306 2727 349 2788 Et
370 2727 438 2790 fleat
461 2736 544 2790 ante
566 2747 685 2790 meum
708 2735 823 2790 moesta
845 2728 955 2790 Neaera
976 2743 1091 2807 rogum.

165 2851 241 2915 Item
264 2853 401 2917 Lucanus
417 2854 455 2915 Vl
472 2853 548 2916 319:

510 2965 702 3046 Nunquam
725 2984 774 3027 me
796 2964 937 3038 Caesaris,
960 2963 1066 3044 inquit,

266 3064 408 3144 Exemplo
429 3064 550 3126 reddam
572 3065 694 3144 patriae,
717 3082 978 3145 nunquamque
1000 3061 1110 3124 videbit

266 3161 312 3224 ltle
334 3162 392 3224 nisi
414 3161 536 3224 dimisso
558 3163 736 3225 redeuntem
759 3163 850 3224 milite
871 3163 976 3225 Roma.

167 3286 301 3367 Denique
328 3289 493 3350 notandum
522 3294 569 3348 est
596 3288 632 3348 ad
660 3307 763 3351 vocem
790 3287 907 3350 fortiter
936 3286 983 3348 bis
1005 3285 1134 3365 positam
1161 3280 1310 3343 interdum

168 3387 291 3449 eandem
319 3388 406 3449 tertio
435 3386 569 3448 membro
598 3387 695 3448 adseri
722 3385 856 3448 molliore
883 3385 986 3465 copula
1015 3383 1096 3445 hunc
1128 3380 1158 3442 in
1188 3379 1310 3441 modum

169 3486 259 3560 (Post.
272 3486 308 3546 lV
321 3487 380 3547 179
389 3506 433 3567 sq.
449 3485 587 3566 rosasq.
603 3485 615 3545 l
629 3484 665 3546 81
677 3503 721 3565 sq.
738 3484 825 3564 Prop.
838 3484 851 3543 l
865 3483 913 3557 16,
929 3480 1020 3562 tssq.
1037 3481 1142 3543 Tibull.
1158 3480 1184 3542 ll
1196 3479 1226 3552 5,
1241 3476 1308 3558 11);

270 3616 351 3688 Ter,
374 3616 447 3690 sine,
470 3624 614 3697 perpetuo
638 3615 752 3678 caelum
775 3620 909 3675 versetur
930 3612 963 3674 in
985 3629 1045 3685 axe,

312 3715 381 3776 Ter
401 3715 505 3795 iungat
527 3715 613 3776 Titan
635 3721 767 3794 terque
789 3712 917 3774 resolvat
940 3729 1041 3790 equos.

271 3813 403 3876 Passus
425 3813 520 3875 idem
544 3823 590 3876 est
611 3813 706 3893 Tyriis
730 3812 780 3893 qui
803 3811 953 3893 quondam
976 3809 1079 3890 pulsus
1102 3806 1138 3871 ab
1161 3806 1221 3868 oris

314 3912 441 3975 Cadmus
464 3913 495 3974 in
517 3912 611 3975 Aonia
633 3912 769 3974 constitit
791 3911 857 3972 exul
879 3910 981 3982 humo,

271 4009 407 4073 Passus
429 4011 526 4074 idem
548 4011 665 4092 Tydeus
688 4017 724 4072 et
745 4009 841 4071 idem
863 4008 1026 4088 Pagasaeus
1049 4004 1146 4068 lason.

271 4108 392 4191 lamque
414 4109 499 4173 novi
520 4117 666 4190 praeeunt
687 4109 792 4180 fasces,
812 4125 907 4169 nova
928 4123 1060 4186 purpura
1083 4103 1174 4181 fulget

315 4208 360 4270 llt
381 4227 472 4271 nova
494 4207 686 4288 conspicuum
709 4207 840 4287 pondera
863 4205 955 4267 sentit
977 4204 1061 4266 ebur.

272 4306 324 4369 lle
345 4308 461 4370 mediae
483 4316 597 4379 noctes,
620 4326 674 4369 me
696 4305 793 4368 sidera
814 4323 909 4386 prona
932 4304 1089 4373 iacentem,

316 4406 509 4488 Frigidaque
531 4407 593 4470 Eoo
615 4423 669 4468 me
691 4405 771 4468 dolet
792 4421 864 4468 aura
885 4404 961 4482 gelu.

226 4503 314 4560 Birt,
327 4505 358 4553 de
371 4505 515 4553 autenticis.
1142 4497 1158 4552 5
