2924 5018
619 224 862 288 ,200-

171 401 365 483 apostotorum
380 401 503 464 omnino
519 401 679 464 addidisset
695 402 725 463 ni
739 402 832 474 fallor,
849 401 906 464 nisi
921 402 1046 464 alterum
1060 401 1156 464 alteri
1176 401 1341 464 titulorum

171 520 318 583 opponere
334 501 482 574 voluisset
504 501 744 583 quandoquidem
764 501 880 564 titulum
897 519 993 582 neque
1007 501 1120 582 reliqui
1138 500 1342 582 grammatici

171 602 277 664 addere
305 602 403 663 solent
429 619 527 681 neque
556 600 704 662 Charisius
732 601 795 682 ipse
822 600 934 662 addidit
960 601 1052 663 altero
1083 601 1158 663 loco
1184 622 1217 683 p.
1238 601 1341 663 adult

172 703 242 763 dum
265 701 343 763 Artis
370 719 489 763 versum
512 700 625 781 lbdsq.
648 701 762 762 laudat:
793 698 944 763 Horatius:
966 701 1049 773 „licet
1071 705 1250 766 succurrite
1274 701 1339 763 lon-

168 820 238 882 gum
260 800 389 863 claruer‘.
427 801 560 881 benique
583 800 621 861 de
636 800 748 862 Charisi
764 801 860 863 verbis
877 800 1067 882 explanandis
1091 809 1141 865 est
1159 801 1260 865 etiam
1278 820 1337 881 quo

172 901 340 964 discordare
361 919 430 963 cum
452 900 690 979 Zangemeistero
714 917 776 961 non
797 900 863 962 sine
885 901 984 963 fructu
1006 899 1130 980 possim.

256 1000 381 1062 Pisones
415 1019 483 1062 vero
518 999 627 1080 quibus
666 999 754 1063 missa
792 1001 846 1061 Ars
883 999 940 1061 fuit
977 999 1008 1060 in
1041 1017 1074 1061 re
1107 1000 1235 1079 poetica
1274 1017 1335 1061 nou

172 1101 305 1162 videmus
329 1117 447 1161 curasse
479 1092 539 1160 nisi
572 1099 747 1177 tragoedias
780 1117 877 1180 neque
914 1099 1004 1177 magis
1038 1099 1216 1178 tragoedias
1251 1099 1333 1180 ipsas

172 1218 259 1280 quam
298 1199 438 1279 satyricus
471 1197 584 1260 fabulas
623 1199 693 1270 (huc
726 1197 803 1259 enim
837 1198 980 1260 concedet
1012 1196 1063 1278 qui
1096 1197 1203 1276 legere
1238 1199 1332 1260 libros

172 1316 232 1360 non
250 1299 341 1360 oculis
358 1298 463 1367 solum,
488 1298 539 1358 sed
557 1305 657 1358 mente
672 1315 791 1378 quoque
805 1295 1021 1376 consueverit);
1042 1314 1147 1358 vereor
1164 1298 1274 1380 itaque
1292 1317 1330 1359 ne

173 1397 212 1458 illi
236 1406 266 1458 et
287 1398 405 1476 ingenio
421 1416 475 1459 suo
491 1405 521 1458 et
536 1397 636 1458 indole
652 1405 682 1458 et
697 1396 851 1476 disciplina
867 1395 903 1458 ab
922 1396 994 1477 ipsis
1009 1415 1043 1457 ac
1057 1395 1134 1458 veris
1148 1399 1329 1477 Augusteae

173 1496 278 1558 aetatis
310 1495 416 1557 litteris
451 1497 604 1558 alieniores
637 1495 758 1568 luerint,
791 1495 940 1557 afliniores
973 1513 1043 1556 vero
1066 1494 1252 1559 Ciceronum
1283 1497 1326 1559 illi

174 1595 291 1657 saeculo
314 1614 372 1675 quo
389 1594 609 1675 incomparabili
629 1602 679 1657 aut
698 1594 807 1674 ingenii
822 1603 874 1657 aut
888 1612 994 1656 manus
1010 1594 1137 1672 agilitate
1152 1597 1327 1659 conscribi·

173 1694 291 1756 litandis
313 1693 473 1774 tragoediis
489 1693 644 1755 cotidianis
660 1695 721 1756 lere
743 1694 874 1756 insanire
896 1695 933 1755 ad
956 1693 1160 1756 doctissimum
1179 1703 1213 1757 et
1228 1697 1326 1759 bone·

174 1794 339 1856 stissimum
363 1812 512 1875 quemque
540 1794 713 1873 pertinebat
759 1794 845 1856 Certe
867 1793 1022 1874 satyricam
1045 1792 1226 1857 Ciceronum
1249 1797 1326 1859 alter

175 1901 220 1955 est
243 1911 333 1973 quem
357 1892 560 1972 composuisse
593 1892 721 1954 sciamus
756 1891 894 1954 labularn.
939 1893 1036 1973 Atque
1057 1892 1159 1954 eadem
1182 1901 1325 1974 tempora

174 1993 237 2054 lere
259 1991 366 2072 Lyncei
389 1990 574 2071 Propertiani
598 1991 731 2054 animum
754 1991 867 2054 referre
888 1991 1079 2068 crediderim3
1105 1990 1197 2055 buius
1220 2003 1324 2057 autem

178 2090 321 2153 orationis
343 2086 485 2172 λήκυθοι
508 2099 586 2151 certe
609 2091 804 2169 aVergiliana
826 2092 874 2153 illa
897 2091 1012 2154 lieentia
1032 2099 1150 2171 sumpta
1172 2094 1325 2172 pudenter

178 2190 305 2253 multum
343 2188 501 2250 distabant.
546 2190 647 2269 ltaque
681 2208 719 2252 an
756 2190 792 2252 ab
829 2190 900 2271 ipsis
933 2189 1179 2253 obtrectatoribus
1216 2191 1324 2272 Vergili

164 2288 393 2370 ‚Vergilianique
407 2289 555 2350 sermonis
571 2290 695 2351 Pisones
710 2298 788 2352 stare
810 2290 933 2352 omnino
956 2307 1019 2352 non
1041 2290 1194 2370 potuerint
1210 2293 1322 2357 nesdo.

178 2387 276 2450 Nihilo
298 2387 398 2450 miuus
420 2407 523 2450 versus
539 2389 616 2449 Artis
633 2387 757 2452 48-72
781 2389 830 2465 (de
851 2389 959 2469 quibus
980 2389 1126 2452 Michaelis
1143 2409 1172 2470 p.
1188 2389 1255 2452 422
1265 2390 1324 2472 sq.)

179 2506 252 2549 num
274 2497 341 2567 apte
363 2487 399 2549 ad
421 2487 560 2549 Pisonem
583 2496 696 2568 patrem
721 2489 849 2550 manime
870 2488 1074 2551 scriberentur
1094 2507 1231 2570 numque
1262 2491 1324 2553 dis·

178 2588 286 2668 plicere
312 2587 406 2648 oratio
428 2587 567 2650 Aeneidis
590 2597 620 2651 et
641 2588 711 2651 huic
732 2597 761 2650 et
783 2589 847 2650 aliis
870 2587 1015 2669 potuisset
1036 2606 1178 2669 quaerere
1203 2589 1323 2653 distuli:

179 2683 242 2764 ἐγώ
269 2682 330 2766 μὲν
357 2678 396 2748 οὗ
423 2683 487 2748 δέω
515 2685 618 2750 ταῦτα
640 2684 879 2769 μαρτυρεῦντας
901 2704 955 2748 nec
977 2686 1053 2749 scire
1074 2687 1119 2749 las
1141 2695 1188 2750 est
1210 2689 1323 2751 omnia.

263 2785 298 2845 lu
321 2785 435 2865 plagula
451 2793 551 2849 autem
567 2787 700 2866 proxima
715 2785 803 2848 simul
818 2795 848 2847 et
862 2794 1014 2867 postrema
1029 2785 1160 2867 ipsorum
1179 2787 1325 2863 Halieuti-

179 2902 282 2944 corum
313 2885 472 2947 latinorum
506 2885 666 2964 imaginem
697 2886 913 2966 complanatam
942 2885 985 2947 sic
1010 2887 1071 2948 lere
1101 2895 1135 2948 ut
1164 2886 1326 2950 obvenisse

180 2981 273 3043 Plinio
298 2985 435 3046 credatur
457 2985 775 3072 ostenderevoluimus
799 2983 959 3047 arbitrariis
981 2984 1020 3047 ibi
1042 2984 1164 3048 intextis
1185 2985 1239 3049 ubi
1256 3005 1326 3050 vera

180 3081 317 3143 latebant.
