2924 5018
623 285 868 349 *109-

173 459 252 538 quod
280 460 343 521 sine
363 461 459 521 tmdis
479 461 541 521 lere
560 477 715 541 nuriquam
735 463 864 523 merulae
881 470 1085 524 memorantur
1100 470 1130 524 et
1146 462 1225 541 quod
1241 462 1319 523 inter

172 559 306 620 saxatiles
338 577 439 621 omnes
469 560 550 620 turdi
581 560 756 622 videbantur
782 580 847 622 esse
873 562 1059 642 principales,
1087 562 1123 623 ab
1150 560 1318 622 Halieutieis

171 657 269 718 latinis
297 659 400 720 abesse
424 660 529 721 turdos
555 659 717 722 miraberis.
763 660 856 740 Igitur
885 662 936 740 qui
958 681 984 722 v.
1009 661 1069 723 109
1099 660 1166 722 sine
1196 661 1318 721 nornine

170 756 340 832 attingitur:

271 855 357 916 Turn¹
371 855 473 916 viridis
496 856 635 935 squamis,
658 877 747 936 parvo
770 858 897 920 saxatilis
921 876 981 931 ore,
1042 859 1050 871 '

169 955 250 1015 hunc
265 954 387 1015 turdum
404 963 557 1016 teneamus
584 951 656 1016 κου’
680 953 795 1037 ἐξοχὴν
817 957 977 1028 saxatilem,
1000 957 1090 1018 veluti
1111 957 1199 1018 etiarn
1216 956 1316 1035 phycis

167 1070 279 1113 nomen
295 1053 364 1113 inv.
381 1051 440 1112 122
456 1072 517 1114 non
534 1055 682 1116 omittitur
697 1055 755 1115 nisi
772 1057 852 1135 quod
866 1057 955 1136 piscis
971 1056 1044 1117 satis
1060 1076 1096 1117 ex
1110 1056 1173 1134 ipsa
1186 1055 1317 1134 descrip-

167 1152 253 1213 tione
269 1153 517 1230 cognoscebatur3
541 1154 667 1214 eundem
683 1160 782 1214 autern
796 1155 920 1214 viridem
936 1155 1065 1216 colorem
1078 1153 1185 1214 marito
1198 1153 1315 1231 utrique

167 1251 292 1311 consilio
323 1260 409 1330 poeta
426 1252 515 1312 dedit.
554 1252 681 1314 Parvum
707 1252 787 1313 turdi
811 1272 843 1314 os
860 1271 926 1313 esse
942 1253 1041 1313 minus
1056 1251 1151 1312 haheo
1167 1270 1226 1331 quo
1242 1270 1313 1312 con·

166 1349 294 1421 firmem,
322 1350 453 1430 satisque
479 1351 518 1412 sit
544 1351 651 1412 docere
676 1352 769 1413 luisse
794 1353 852 1413 hoc
877 1370 996 1430 quoque
1023 1350 1141 1430 aliquod
1164 1357 1314 1412 certorum

165 1444 343 1527 aquatilium
374 1449 500 1527 insigne,
525 1450 613 1511 veluti
643 1451 736 1511 scaris
761 1468 885 1531 parvum
915 1470 948 1512 os
979 1447 1115 1511 attribuit
1141 1449 1315 1510 Aristoteles

166 1547 287 1624 (Athen.
304 1545 425 1621 3l9E),
452 1542 530 1609 idem
559 1549 660 1627 mugili
687 1557 716 1609 et
742 1549 836 1612 amiae
864 1548 1040 1610 Plutarchus
1067 1548 1109 1607 lle
1134 1547 1245 1607 sollert.
1266 1566 1313 1607 an.

165 1664 194 1723 p.
211 1645 274 1706 977
286 1650 320 1719 Α,
346 1664 414 1707 cum
434 1645 552 1723 χάνναι
569 1642 856 1728 μεναλοχοίσμονες
876 1646 996 1707 audiant
1011 1647 1088 1725 apud
1105 1645 1314 1725 Epicharmum

165 1744 422 1822 (Athenarum.
461 1746 504 1808 lta
531 1756 630 1807 autern
659 1746 811 1807 Gesnerus
838 1746 964 1806 Animal.
989 1746 1085 1806 marit.
1112 1764 1141 1824 p.
1159 1743 1215 1804 25:
1248 1754 1314 1817 „est

164 1841 254 1903 etiam
281 1844 311 1904 in
338 1845 495 1905 turdorum
523 1863 632 1922 genere
661 1844 805 1919 (decimus
821 1845 1009 1918 Rondeletio)
1030 1843 1132 1903 viridis
1148 1844 1267 1923 quidam
1285 1855 1314 1904 et

164 1959 256 2019 parvo
273 1947 354 2004 ore“.
391 1942 541 2022 Oppianus
565 1942 695 2003 merulas
721 1942 789 2004 alibi
805 1943 924 2022 quidem
941 1951 1098 2015 memorat,
1120 1959 1180 2002 non
1196 1959 1312 2002 merno-

163 2048 209 2101 rat
225 2042 256 2102 in
273 2042 420 2120 catalogo;
442 2042 545 2103 turdos
562 2042 591 2102 in
607 2042 738 2120 catalogo
755 2042 824 2103 dicit
839 2038 977 2123 ῥαδινάς
993 2041 1005 2101 1
1023 2040 1092 2101 126.

250 2141 409 2201 Columella
425 2141 488 2201 Vlll
508 2141 555 2209 16,
572 2140 590 2201 8
618 2159 760 2201 arenosos
788 2141 916 2201 maxime
938 2140 1067 2218 gurgites
1089 2149 1174 2218 aptos
1191 2140 1312 2218 pelagiis

162 2238 294 2318 piscibus
309 2240 379 2300 dicit
393 2241 490 2319 iisque
505 2240 680 2302 adnumerat
696 2249 814 2320 praeter
829 2251 946 2301 auratas
962 2241 1082 2300 dentices
1096 2244 1272 2318 puniensque
1287 2251 1313 2300 et

162 2339 310 2417 r'nda'yeucs
324 2340 517 2417 cimbros(oe);
540 2340 611 2400 item
628 2339 659 2399 in
673 2339 790 2419 pelagiis
807 2348 837 2400 et
860 2339 1006 2400 umhras
1031 2345 1060 2399 et
1082 2337 1311 2417 synodolntas

162 2436 287 2499 Ovidius
303 2436 404 2511 hahet3
427 2435 600 2517 πρόςνειος
616 2456 678 2516 syn
687 2457 704 2497 o
714 2438 731 2498 d
741 2454 786 2496 on
798 2437 948 2498 Aristoteli
960 2436 1113 2498 videbatur
1125 2455 1152 2515 p.
1162 2434 1253 2496 598h
1262 2435 1310 2502 10,

162 2536 254 2598 simul
279 2537 311 2597 in
338 2537 415 2598 sanis
442 2537 600 2617 arenisque
628 2537 733 2615 degere
756 2537 889 2616 Oppiano
905 2537 917 2596 l
936 2536 1011 2610 1703
1033 2536 1112 2614 quod
1128 2554 1196 2595 vero
1216 2534 1310 2595 fulvi

161 2636 370 2715 praedicantur
401 2637 596 2709 0v.v.107,
629 2636 772 2698 robustos
803 2637 902 2716 potius
933 2636 1085 2716 Oppianus
1116 2636 1241 2706 vocavit,
1279 2642 1309 2694 at

160 2734 355 2813 Epicharmus
382 2729 681 2815 ἐρυθροποικίλους
696 2736 800 2796 Athen.
817 2754 844 2814 p.
862 2733 923 2795 322
935 2734 967 2807 B,
990 2728 1106 2814 λευκὴν
1128 2729 1309 2794 συνόδοντα

161 2832 326 2895 Numenius
348 2833 383 2894 fr.
400 2833 441 2893 IX
474 2829 589 2913 (μένον
611 2834 689 2895 idern
715 2835 772 2914 Vl),
806 2832 934 2916 πυρρὸν
956 2832 1133 2893 Philoxenos
1156 2831 1308 2910 Cytherius

159 2931 267 2994 Athen.
283 2933 343 2994 147
355 2933 389 2992 Β.
412 2932 490 3006 Quid
504 2950 571 2993 vero
583 2933 735 2995 hlareellus
748 2929 872 2993 Sidete?
888 2932 965 3011 apud
977 2949 1064 3010 quern
1076 2931 1201 3010 legimus
1213 2949 1237 2991 ν.
1251 2930 1307 2990 29ε
1335 3010 1337 3013 ι

261 3030 316 3092 καὶ
339 3031 461 3092 aurbei
484 3029 650 3113 μαινῖδες,
675 3025 757 3113 ἆυὰρ
781 3026 872 3103 κύνες
895 3025 956 3113 ἠδὲ
978 3028 1104 3107 λαγωοὶ

261 3127 317 3191 scel
341 3127 427 3212 κριοὶ
451 3126 644 3203 συνόδοντες
669 3128 720 3191 ἰδὲ
751 3129 863 3212 ξιφίαι
887 3131 1027 3211 θρανίου
1051 3151 1092 3190 re.

159 3230 326 3291 Nemodum
354 3230 430 3309 quod
456 3229 573 3290 mireris
599 3229 703 3290 vitium
730 3228 830 3290 sensit
849 3227 1033 3307 scriptionis3
1062 3221 1152 3309 κριοὶ
1175 3227 1253 3287 enim
1282 3227 1307 3287 si

160 3326 260 3390 revera
276 3346 329 3407 pro
345 3326 474 3407 piscibus
499 3335 607 3400 essent,
633 3327 816 3406 synodontes
843 3334 876 3388 ut
902 3326 1045 3405 particula
1067 3324 1230 3403 copulativa
1252 3324 1306 3385 ad-

159 3424 370 3507 copularentur
385 3424 605 3505 efflagitandum
621 3432 714 3503 esset3
737 3433 840 3488 contra
856 3425 929 3485 inv.
945 3424 1002 3484 10:

261 3525 382 3608 θοῦροί
403 3547 438 3586 τε
462 3523 612 3597 excoriate
632 3546 667 3615 υε
690 3522 746 3585 καὶ
769 3519 893 3606 ἧπαυοι
917 3516 1152 3599 οἶγκυλόδονυες

161 3625 265 3686 eadem
292 3622 407 3686 ratione
435 3625 560 3686 eflicitur
587 3644 648 3685 uon
675 3623 852 3684 adieetivum
874 3621 1000 3704 θοῦροι
1021 3640 1085 3682 esse
1105 3621 1160 3681 sed⁴
1179 3620 1304 3700 piscium

158 3740 271 3785 nornen
298 3723 425 3803 conponi
449 3723 528 3802 qnod
555 3722 591 3782 iis
616 3723 710 3802 possit
736 3740 809 3801 quos
837 3720 936 3781 nescio
962 3718 1014 3780 ubi
1031 3714 1304 3801 ἡσύχουςυοοοιοο

158 3823 256 3900 legere
276 3822 415 3897 memini3
442 3839 479 3882 an
504 3821 581 3882 forte
607 3820 771 3903 στρουθοί
797 3841 832 3880 ιε
859 3815 1008 3890 excausa
1034 3814 1304 3879 asscribendum?

157 3922 194 3983 cl.
211 3922 287 3999 infra
313 3939 342 4001 p.
359 3919 428 3982 118.
455 3920 575 3983 Accedit
590 3932 689 3982 autern
705 3920 821 3982 deloco
837 3918 920 3998 prius
935 3918 1032 3998 posito
1048 3917 1128 3996 quod
1144 3917 1200 3996 ipsi
1216 3914 1304 3997 xpeel

156 4021 254 4100 pisces
274 4039 290 4080 a
307 4021 442 4082 Marcello
469 4020 627 4081 laudantur
647 4019 680 4080 in
695 4021 720 4079 r.
738 4019 789 4078 40.
836 4017 1000 4096 Scripserat
1024 4016 1086 4077 ille:
1114 4013 1170 4075 καὶ
1196 4010 1303 4092 κιρροὶ

156 4114 365 4191 συνόδοντεςι
398 4115 511 4201 κιῤῥόν
534 4119 614 4179 enim
641 4118 712 4197 quid
738 4117 833 4178 visum
861 4115 1053 4195 scriptoribus
1077 4113 1116 4174 sit
1141 4111 1303 4191 Hesychius

155 4220 197 4280 ita
213 4214 452 4298 comprehendit:
476 4213 600 4300 κιῤῥόν·
626 4216 753 4299 πυρρὸν
768 4213 913 4297 ἐρυθρὸν
929 4211 1064 4284 ξανθόν.

242 4318 400 4379 Umbrae
427 4317 518 4396 porro
544 4335 620 4395 quae
642 4317 734 4394 magis
756 4315 867 4374 limosis
883 4314 965 4375 vadis
986 4313 1021 4373 ah
1039 4310 1174 4390 Oppiano
1190 4310 1302 4371 adscri-

156 4416 297 4478 bunturl
315 4416 375 4477 106
390 4417 429 4478 ita
451 4425 484 4477 ut
506 4416 594 4476 etiam
612 4416 783 4476 nutriantur
797 4414 870 4487 luto,
887 4432 946 4492 quo
963 4413 1026 4473 iure
1047 4410 1214 4471 liventis
1234 4429 1300 4472 cor-
