2924 5018
618 298 657 309 —
709 264 769 327 181
818 299 867 330 -,

168 445 229 506 lam
248 461 314 504 vero
329 441 454 503 difficilia
471 451 646 522 supersunt;
668 460 731 503 uva
747 440 866 521 quidem
880 438 1011 501 adfertur
1027 439 1154 520 aquatile
1171 440 1219 513 (cl.
1231 438 1305 499 Plini

168 544 249 615 tx33
264 539 483 622 Vegeti120‚2;
498 541 590 615 vite,
599 540 641 618 3),
658 540 784 621 aquatile
796 539 868 602 item
886 538 1054 602 cucumis
1066 538 1116 619 (cf.
1131 537 1204 600 Plini
1214 538 1254 599 lX
1262 537 1304 616 3),

167 643 258 704 nihilo
275 641 373 704 minus
388 658 443 721 pro
455 658 575 720 cynepos
589 640 745 720 legendum
759 659 825 703 esse
841 634 957 722 κύνωψ
972 637 1051 719 quod
1064 636 1179 717 plantae
1194 653 1304 698 nornen

167 750 286 803 estnon
303 739 438 820 aquatilis
454 757 515 800 non
531 739 690 801 admodum
706 738 778 801 certi
801 737 898 800 simile
919 736 993 809 dieo,
1017 753 1115 817 neque
1134 734 1222 797 nimis
1238 744 1305 816 apte

167 842 211 903 vel
233 835 418 922 ὀνόπορδον
429 837 489 898 sive
500 837 605 899 similia
622 838 727 900 habeas
743 837 936 918 comparabis.
963 835 1037 898 Novi
1056 835 1163 916 aliquid
1182 836 1304 897 odoror:

167 959 315 1020 cynomyia,
337 937 417 1000 velut
431 956 597 1018 cynoseuna
613 935 824 1017 piscisdicitur
835 936 871 998 ab
882 935 1032 1016 Epaoneto
1047 934 1125 1017 (hth.
1141 953 1170 1015 p.
1185 932 1246 996 313
1259 933 1304 1014 Β),

165 1040 353 1120 cynoglossos
380 1035 486 1098 Athen.
506 1054 534 1116 p.
558 1035 621 1097 288
638 1036 670 1096 Β.
718 1033 830 1098 Polemi
863 1033 933 1097 Silvi
959 1034 1116 1097 laterculus
1144 1033 1223 1095 inter
1250 1052 1304 1095 na·-

165 1138 290 1200 tantium
306 1137 427 1199 nomina
444 1134 560 1197 exhibet
574 1137 727 1215 morisopo,
745 1134 824 1216 quod
839 1142 873 1196 ut
888 1133 1106 1196 dissolvendum
1122 1133 1237 1196 uidetur
1251 1151 1304 1215 per

164 1239 268 1301 enoch
290 1245 320 1299 et
342 1221 422 1317 opos
444 1235 484 1297 ita
506 1242 607 1296 tamen
634 1251 696 1295 non
719 1233 907 1296 mediocriter
927 1233 1111 1296 coniecturae
1133 1250 1215 1295 meae
1237 1233 1301 1314 opi-

165 1337 285 1399 tulatur.
324 1335 401 1409 Quid
424 1353 493 1396 vero
516 1334 552 1395 de
575 1333 624 1395 iilo
647 1334 819 1413 cynosdemio
834 1316 956 1410 nornine
971 1332 1049 1415 qnod
1071 1332 1178 1414 legitur
1193 1329 1302 1414 volgo?

165 1435 212 1519 Nil¹
225 1453 273 1496 me
288 1434 407 1497 hercule
428 1433 457 1495 id
472 1450 542 1514 prae
558 1451 588 1494 se
603 1432 661 1496 lert
676 1450 734 1514 quo
757 1433 897 1495 defendat
916 1432 1125 1514 suspicionem.
1160 1431 1303 1496 Bamber·

164 1533 260 1614 gensis
283 1533 445 1614 cynosdente‘
462 1531 560 1606 habet,
588 1532 693 1612 reliqui
714 1531 779 1595 libri
803 1533 1017 1613 cyoosdeotn‘c3
1047 1530 1101 1593 tibi
1123 1549 1193 1593 sero
1215 1549 1302 1594 aures

163 1633 187 1695 si
209 1633 312 1713 arrigis
335 1633 445 1694 ultimis
460 1631 580 1712 quidem
603 1631 721 1713 syllabis
744 1632 880 1695 dentex
902 1631 960 1711 (vel
975 1631 1104 1707 dentrix)
1120 1629 1209 1711 piscis
1225 1631 1301 1694 clare

165 1732 259 1794 vocari
272 1731 432 1806 videbitur3
456 1730 582 1794 variatur
597 1739 694 1795 autem
710 1749 772 1794 non
785 1730 967 1794 dissimiliter
981 1729 1125 1812 scriptura
1140 1728 1187 1790 illa
1199 1728 1301 1810 elopem

163 1832 209 1892 vel
221 1831 318 1911 olopio
329 1848 404 1912 quac
418 1830 574 1893 antecedit.
598 1829 641 1891 Ex
657 1850 741 1911 cynos
755 1838 855 1893 autem
871 1829 941 1912 quid
958 1824 1188 1892 extricabimusi
1204 1829 1300 1910 possis

163 1930 283 2011 quidem
300 1933 445 2010 cyprinum
470 1947 539 1990 narn
555 1929 634 2009 quod
650 1929 738 1992 huius
754 1930 875 2012 catalogi
892 1930 986 2012 pisces
1005 1927 1211 2009 peculiares
1234 1936 1300 1991 tan-

162 2038 226 2090 tum
244 2028 358 2091 maris
374 2049 389 2090 a
402 2027 498 2089 Plinio
511 2028 647 2091 dicuntur
657 2029 844 2109 refragantur
859 2037 955 2092 ostrea
970 2028 1053 2111 lepus
1065 2028 1151 2091 cobio
1162 2027 1298 2110 anguilla.

162 2127 355 2207 hcquiescere
387 2128 489 2189 tamen
521 2128 665 2207 praefero·
691 2127 722 2189 in
751 2129 871 2191 nomine
901 2147 1005 2210 graeco
1033 2146 1115 2208 cyrces
1137 2127 1188 2210 qui
1211 2146 1298 2190 canes

160 2226 300 2289 dicuntur
322 2225 396 2297 Plin.
411 2225 451 2287 lll
471 2227 528 2287 110
558 2225 696 2308 quodque
718 2245 829 2290 nomen
844 2227 1004 2308 Hesychius
1026 2245 1145 2309 quoque
1165 2226 1297 2288 exhibet:

161 2321 307 2387 κύων...
330 2322 388 2387 καὶ
417 2321 454 2386 τὸ
483 2320 675 2387 θαλάσσιον
704 2321 801 2401 ζῶονς
835 2344 932 2407 neque
960 2325 1041 2388 enim
1065 2326 1212 2388 caniculas
1240 2325 1297 2407 ipsi

160 2424 291 2505 catalogo
323 2443 340 2487 a
371 2422 467 2485 Plinio
500 2422 675 2504 praemissas
708 2423 739 2485 in
761 2428 779 2501 ξ
805 2426 864 2487 145
898 2433 999 2487 contra
1021 2424 1133 2487 adferet
1167 2424 1224 2487 nisi
1251 2425 1298 2488 cui

159 2523 308 2604 incognita
337 2522 413 2585 Plini
446 2521 491 2583 his
525 2523 555 2584 in
582 2523 672 2584 rebus
702 2522 821 2589 incuria¹
842 2534 872 2586 et
900 2525 1047 2606 ignoratio
1073 2522 1121 2586 sit.
1165 2522 1299 2605 lienique

158 2623 311 2688 addendus
333 2625 380 2685 est
393 2621 565 2684 nominibus
581 2621 654 2683 raris
676 2622 764 2684 etiam
787 2622 861 2685 hali
867 2623 1040 2704 pleumon
1063 2623 1185 2701 catalogi
1209 2642 1298 2704 quem

159 2740 219 2784 non
253 2721 311 2784 vidi
343 2721 401 2783 nisi
432 2720 507 2802 apud
541 2721 712 2785 Marcellum
745 2722 891 2796 Sidetam3
927 2723 1099 2785 Aristoteles
1133 2719 1297 2803 πνεύμων.

158 2825 253 2902 htque
281 2820 583 2900 orthagoriscum
610 2839 734 2900 porcum
756 2822 875 2902 quidem
899 2842 963 2885 esse
985 2822 1056 2884 dicit
1076 2820 1238 2902 Hesychius
1261 2841 1298 2882 ex

160 2922 318 2985 Polemone
349 2921 399 2997 tel.
422 2920 529 2981 Athen.
544 2938 574 3000 p.
594 2920 653 2980 140
664 2921 709 3000 Β),
737 2921 847 3002 piscem
882 2941 949 2984 esse
980 2922 1031 3004 qui
1063 2920 1170 2984 dixerit
1197 2920 1297 2983 nescio

157 3030 275 3103 praeter
296 3020 438 3102 hpionem
461 3019 537 3100 apud
562 3019 691 3081 Plinium
706 3019 814 3082 XXXll
830 3019 880 3082 19.

240 3121 344 3202 ltaque
370 3119 498 3180 vidimus
520 3117 598 3180 Plini
618 3117 849 3201 Diogenianique
875 3121 907 3183 in
934 3116 1024 3185 rebus
1045 3120 1174 3201 perraris
1201 3119 1316 3203 iisque

156 3219 237 3298 satis
260 3218 371 3280 crebris
405 3234 585 3281 eonsensum
620 3217 824 3281 deficientibus
858 3220 906 3282 bic
937 3219 996 3281 illio
1028 3219 1116 3282 etiam
1151 3218 1295 3300 Pamphili

156 3317 249 3399 copiis
271 3317 479 3398 Athenaeique.
523 3316 717 3379 Rarissimum
739 3335 849 3380 nomen
872 3318 1041 3404 coepiscopos
1064 3339 1129 3383 esse
1152 3318 1295 3382 diximust

156 3428 257 3479 tamen
292 3417 349 3478 hoc
386 3425 418 3478 ut
454 3416 532 3497 apud
566 3415 705 3478 Ovidium
741 3416 849 3480 falsum
884 3418 1110 3500 Oppianumque
1143 3419 1183 3482 ita
1217 3420 1293 3500 apud

155 3516 367 3595 Diogenianum
396 3524 514 3596 quoquc
542 3523 701 3595 comparet.
747 3515 788 3579 lta
817 3516 906 3578 etiam
933 3517 1044 3581 larinus
1071 3518 1238 3581 communis
1261 3526 1295 3581 ut

156 3615 283 3678 (liumus
307 3615 441 3698 Oppiano
464 3624 493 3677 et
515 3614 695 3696 Diogeniano
723 3624 768 3678 est
797 3617 848 3699 qui
877 3617 999 3680 lamirus
1028 3618 1134 3681 dicitur
1156 3618 1186 3680 in
1208 3617 1293 3680 Ovidi

156 3714 291 3796 Plinique
319 3715 465 3795 catalogis.
509 3716 605 3796 htque
633 3715 773 3778 cinaedus
803 3733 888 3778 rarus
915 3725 945 3778 et
967 3717 1030 3798 ipse
1052 3716 1293 3800 Oppian01127

156 3822 185 3874 et
207 3814 281 3877 Plini
311 3815 442 3895 catalogo
469 3814 636 3879 eommunis
664 3823 727 3892 est3
759 3816 800 3878 ita
824 3816 925 3879 nescio
951 3835 1023 3880 num
1050 3818 1292 3881 coniunctionem

154 3900 281 3994 aliquam
318 3913 469 3994 copiarum
502 3914 614 3977 sentire
646 3915 770 3978 videaris
803 3915 973 3997 Diogeniani
1007 3917 1132 3979 Pliniani
1169 3915 1292 3999 catalogi

155 4012 278 4094 Oppiani
300 4010 392 4074 Ovidi.

238 4113 335 4192 htque
357 4111 396 4173 de·
408 4111 552 4193 hesychio
575 4120 608 4174 ut
630 4130 718 4192 quam
734 4112 905 4176 brevissime
928 4114 1022 4176 dicam
1045 4114 1123 4194 quod
1138 4116 1235 4177 sentio
1251 4153 1291 4162 -

153 4231 249 4292 neque
270 4211 349 4273 enirn
372 4210 447 4273 hano
468 4229 561 4272 meam
577 4211 731 4273 materiem
746 4231 811 4275 esse
825 4213 909 4276 video
926 4248 966 4258 —
981 4213 1126 4295 Pamphili
1141 4215 1290 4297 epitomen

155 4311 197 4371 vel
206 4310 317 4373 Vestini
325 4309 552 4390 diogenianeam
563 4319 593 4373 et
605 4313 902 4396 περιεργοπένητας
913 4312 1123 4394 Diogenianeos
1136 4333 1197 4378 non
1210 4317 1289 4380 idern

154 4415 184 4471 et
207 4427 298 4472 unum
322 4429 396 4491 opus
418 4409 510 4472 luisse
532 4411 582 4472 sed
607 4411 665 4473 duo
689 4411 811 4479 tirmiter
832 4413 904 4478 mihi
926 4431 1100 4501 persuasum
1124 4423 1169 4482 est
1193 4434 1289 4509 neque
