2924 5018
244 1481 379 1582 Ovidius
402 1527 448 1579 est
470 1519 506 1579 ad
529 1537 617 1598 quem
640 1518 753 1580 vocaris
769 1535 866 1597 neque
882 1526 983 1579 tamen
995 1518 1116 1580 Ovidius
1138 1527 1194 1580 est.
1240 1519 1298 1581 Res

155 1616 343 1680 admirabilis.
387 1617 510 1678 Scieutia
534 1619 614 1678 enim
637 1616 822 1696 antiquitatis
850 1623 883 1676 ut
910 1615 1012 1678 orbem
1037 1634 1125 1678 suum
1155 1619 1300 1697 compleat

155 1717 314 1777 distentior
341 1715 376 1776 ad
413 1715 610 1777 remotissima
640 1717 698 1776 iam
733 1722 873 1793 evagatur
911 1716 1138 1795 comprehendit
1167 1716 1298 1796 dispersa

154 1816 345 1893 insinuatque
368 1815 399 1874 in
421 1814 485 1893 ipsa
508 1823 604 1875 terrae
627 1816 754 1887 viscera3
778 1832 852 1893 quae
875 1832 944 1874 vero
968 1814 1017 1875 diu
1041 1822 1208 1893 comparata
1228 1824 1300 1878 suut

154 1916 311 1992 iacentque
342 1913 372 1974 iu
400 1914 497 1974 medio
525 1914 618 1995 iacere
645 1914 821 1990 neglectiora
848 1913 987 1974 videntur
1015 1921 1044 1973 et
1072 1912 1174 1992 apiarii
1204 1914 1300 1974 nostri

155 2013 258 2092 apibus
280 2011 467 2091 paucioribus
491 2030 578 2073 curae
602 2029 776 2091 essequam
800 2011 886 2072 focis.
929 2011 970 2072 lta
999 2018 1097 2072 autem
1120 2011 1231 2072 factum
1255 2018 1300 2072 est

154 2118 188 2172 ut
214 2110 323 2170 reverti
356 2111 507 2170 interdum
536 2111 571 2172 ad
603 2110 772 2171 communia
804 2097 893 2188 atque
926 2110 1052 2171 coutrita
1080 2118 1109 2171 et
1138 2111 1239 2171 deceat
1270 2118 1300 2171 et

156 2209 310 2271 conducat.
353 2208 414 2287 Ego
442 2227 511 2270 vero
540 2226 607 2269 cum
636 2209 668 2268 iu
691 2208 785 2269 hortis
808 2207 978 2269 cultissimis
1000 2215 1155 2287 poetarum
1179 2207 1300 2269 Latino-

154 2325 221 2368 rum
256 2307 475 2368 deambularem
506 2308 581 2367 inter
610 2308 699 2367 flores
734 2307 861 2368 Nasonis
899 2306 974 2366 male
1004 2307 1127 2367 horrere
1156 2307 1297 2369 carduum

156 2405 348 2467 animadverti
372 2439 413 2450 -
435 2423 499 2465 rem
523 2423 594 2466 saue
617 2403 829 2478 admirabilem,
852 2404 909 2465 nisi
933 2405 1010 2466 forte
1031 2404 1123 2465 fuisse
1146 2404 1195 2465 ille
1217 2405 1299 2466 vide-

156 2505 236 2565 bitur
265 2504 302 2564 ad
325 2503 548 2582 exstirpandum
578 2502 734 2583 spinosior.
779 2504 875 2582 Atque
897 2501 956 2562 iam
980 2503 1122 2582 consequi
1145 2520 1199 2581 ego
1224 2523 1299 2584 opus

157 2602 287 2664 conabor
309 2601 517 2680 praeteritum3
551 2603 581 2662 in
604 2621 662 2681 quc
684 2608 787 2663 tamen
808 2620 934 2662 munere
956 2601 1124 2663 satisfacere
1148 2617 1195 2662 me
1225 2602 1299 2664 scias

158 2719 220 2762 nou
247 2700 343 2761 solum
371 2699 468 2760 studio
490 2700 616 2759 veri-
639 2716 706 2760 uam
729 2698 876 2760 interesse
899 2699 1009 2777 aliquid
1033 2700 1111 2786 inter
1133 2701 1222 2762 flores
1244 2701 1301 2761 tri-

156 2799 244 2860 viales
268 2807 297 2859 et
320 2798 490 2861 homousios
514 2797 598 2859 facile
622 2805 817 2875 cognoscetur
838 2830 892 2871 —-‚
915 2794 1082 2879 sedetiam
1102 2797 1300 2876 indignationi

157 2917 240 2958 meae
269 2896 429 2976 pietatique
456 2895 617 2970 clarissimo
647 2895 766 2974 ingenio
790 2895 921 2968 debitae,
953 2896 1099 2976 siquidem
1123 2917 1138 2958 a
1162 2897 1301 2960 divinitus

157 2995 275 3076 scriptis
296 2995 416 3073 indigua
439 2994 546 3073 pellere
568 2994 715 3073 hodieque
738 2994 782 3054 fas
805 3002 860 3054 est.
906 2974 1019 3054 Plinius
1043 2995 1123 3056 euim
1145 2996 1300 3058 Secundus

157 3095 187 3156 iu
210 3093 358 3155 Naturalis
375 3093 521 3154 Historiae
543 3092 619 3153 libro
634 3092 743 3153 XXXll
765 3092 911 3171 excerpsit
927 3091 1011 3152 Ovidi
1033 3101 1141 3171 poetae
1160 3094 1300 3156 volumen

158 3193 237 3274 quod
261 3192 442 3253 halieuticon
464 3192 681 3253 inscribebatur
702 3191 912 3269 ferebaturque
934 3190 1106 3252 incohatum
1128 3192 1164 3255 ab
1185 3211 1220 3253 eo
1236 3211 1302 3254 esse

158 3291 259 3352 Tomis
282 3290 429 3370 supremis
452 3289 529 3351 ritae
543 3290 728 3369 temporibus
745 3293 774 3364 (q
793 3290 829 3349 rt
847 3296 877 3350 et
894 3289 983 3366 152);
1004 3290 1085 3350 uude
1101 3298 1181 3352 recte
1198 3308 1302 3353 omnes

159 3391 342 3467 collegerunt
374 3405 435 3450 nou
470 3389 636 3451 absolutum
671 3389 780 3450 librum
814 3389 905 3450 fuisse
938 3388 1048 3468 quippe
1076 3387 1126 3468 qui
1154 3389 1303 3451 diceretur
1366 3380 1368 3386 ’

158 3488 324 3550 incohatus.
376 3487 458 3559 Quae
492 3496 591 3548 autem
624 3487 655 3547 iu
690 3489 801 3548 nostris
831 3487 915 3549 Ovidi
950 3487 1130 3549 editionibus
1163 3488 1304 3567 leguntur

159 3586 473 3666 Halicutica-primum
497 3603 566 3647 cura
589 3586 706 3666 Georgii
728 3586 801 3665 logi
823 3605 901 3649 annu
923 3585 1006 3648 1534
1030 3587 1108 3648 edita
1130 3604 1190 3647 non
1213 3587 1304 3663 alium

158 3685 269 3746 librum
299 3702 373 3746 csse·
394 3693 492 3765 atque
511 3702 602 3764 quem
631 3685 742 3746 Plinius
766 3685 913 3765 excerpsit
935 3685 1020 3747 facile
1043 3683 1224 3746 intellectum
1249 3691 1302 3746 est.

160 3785 197 3844 Et
225 3783 344 3863 quidem
372 3782 421 3845 hic
447 3801 567 3863 quoque
596 3782 751 3861 fragminis
780 3783 875 3846 instar
906 3791 952 3845 cst
981 3784 1304 3864 continetque‘rersus

160 3900 223 3943 nou
245 3882 316 3960 plus
330 3881 400 3942 134.
439 3881 554 3954 Quibus
569 3890 670 3943 tamen
697 3882 736 3942 iu
753 3883 866 3961 optimo
889 3881 989 3944 codice
1015 3881 1232 3944 vindobonensi
1255 3882 1300 3944 iu-

161 3982 303 4060 scriptum
330 3979 431 4058 potius
457 3979 580 4059 legitur:
606 3997 705 4041 euros
720 3980 809 4041 Ouidi
828 3980 861 4040 de
877 3981 1003 4060 piscibus
1024 3991 1050 4042 et
1069 3983 1140 4061 [crte
1171 3982 1305 4060 itemque

161 4078 358 4150 iuParislu03
380 4079 576 4158 nequeenim
599 4079 703 4139 insunt
724 4078 782 4139 nisi
805 4079 966 4140 nonnullae
984 4080 1019 4139 de
1035 4079 1164 4141 sollertia
1177 4079 1305 4157 piscium

161 4177 285 4238 fabellae
318 4176 496 4255 quibuscum
530 4177 682 4238 terrestria
716 4177 823 4238 deinde
851 4176 988 4238 animalia
1019 4185 1229 4256 comparantur
1252 4176 1304 4237 ad-

162 4275 351 4356 nectiturque
379 4274 552 4356 aquatilium
575 4276 733 4338 nominum
761 4275 924 4354 catalogus3
956 4275 995 4337 ita
1030 4282 1063 4335 ut
1096 4274 1200 4336 titulus
1233 4293 1305 4355 prc-

162 4375 293 4453 positum
323 4382 429 4453 poetae
451 4374 585 4435 indicans
607 4375 783 4435 immutatus
807 4384 911 4454 postea
935 4393 950 4433 a
974 4371 1096 4434 librariis
1118 4372 1253 4434 videatur
1275 4374 1314 4433 iu-

215 4473 302 4524 Birt,
322 4473 351 4517 dc
365 4471 509 4517 halieutieis.
1131 4474 1144 4524 1
