2924 5018
615 305 836 368 „45-

240 481 351 544 Tamen
376 483 412 542 de
434 499 520 542 versu
536 479 619 541 Ovidi
635 479 769 541 nondum
786 487 902 560 peraeta
924 499 973 542 res
996 478 1122 542 ridetur.
1156 479 1305 560 Seriphos

155 582 270 661 plana
300 581 424 656 dicitur3
454 579 556 641 eadem
585 579 617 640 in
646 579 704 641 ciri
732 579 819 640 etiam
847 579 1109 654 sementilera3
1134 589 1306 659 utrumque

155 681 334 760 permirum3
358 698 460 740 saxosa
483 680 563 740 enim
587 678 686 758 potius
709 678 804 739 insula
827 697 861 739 ec
887 678 1018 759 lapidosa
1040 679 1097 740 fuit
1119 685 1195 739 teste
1217 678 1307 741 Stra-

154 780 233 840 bone
254 778 281 839 X
302 777 379 840 487:
411 773 495 839 οὕτω
519 772 553 838 δ’
586 776 656 838 ἐστὶ
684 774 853 858 πετρώδης
881 769 902 859 ἡ
928 777 1028 859 νῆσος
1050 770 1129 849 ciere
1150 769 1218 838 ὑπὸ
1242 774 1306 858 τῆς

157 873 319 960 Γοργόνος
341 876 437 938 τοῦτο
460 878 591 938 παθεῖν
613 871 714 958 αὖιήν
736 891 842 959 φασιν
869 871 902 937 οἳ
932 873 1178 958 κωμῳδοῦντες,
1209 892 1308 954 quare

154 976 334 1054 interpretes
368 977 430 1036 fere
464 993 568 1036 omnes
601 976 718 1055 planam
754 995 819 1037 eam
853 975 952 1054 inepte
975 974 1032 1036 dici
1060 973 1306 1050 consentiebant3

155 1073 293 1135 Heinsius
313 1073 517 1153 acquiescebat
533 1083 634 1135 tamen
657 1075 688 1136 in
712 1075 768 1136 ista
782 1074 917 1144 lectione,
942 1090 995 1150 ego
1010 1091 1072 1134 non
1088 1072 1159 1134 setis
1174 1090 1306 1151 possum

155 1172 313 1252 sentioque
342 1172 373 1232 id
395 1190 490 1233 unum
522 1174 599 1234 clare
629 1174 804 1252 ponendum
831 1180 936 1252 poetae
964 1173 1055 1233 luisse
1083 1189 1142 1251 quo
1171 1169 1306 1232 maxime

155 1271 251 1332 insula
284 1289 421 1350 quaeque
455 1258 692 1351 cognosceretur.
736 1273 834 1353 Atque
866 1271 898 1331 in
922 1270 980 1332 Ciri
1013 1270 1079 1349 quis
1112 1287 1174 1331 non
1207 1268 1305 1348 magis

110 1382 120 1402 ·
156 1370 302 1448 Seriphon
315 1379 517 1449 exportaverat
528 1371 656 1432 sementi
677 1371 779 1432 orbam
795 1389 883 1450 quam
896 1365 1140 1431 sementiferam?
1152 1376 1231 1430 certe
1243 1365 1307 1430 διὰ

155 1465 192 1529 ad
209 1465 355 1550 σκληρῶς
372 1464 428 1549 ζῆν
441 1469 537 1531 insula
551 1469 583 1529 in
599 1468 788 1549 proverbium
803 1468 914 1530 abierat
937 1468 1098 1548 (Aristoph.
1114 1468 1150 1528 fr.
1167 1467 1230 1530 676
1244 1467 1305 1548 O.).

156 1565 261 1626 Nescio
284 1574 384 1627 tamen
407 1586 480 1628 num
509 1568 666 1629 difficultas
695 1576 820 1647 utraque
848 1588 906 1629 una
935 1568 1056 1629 tollatur
1081 1566 1305 1629 observatione.

155 1665 258 1726 Planta
279 1665 337 1726 fuit
359 1667 496 1746 σέριφος
527 1676 638 1727 vocata.
682 1667 744 1728 lam
772 1686 840 1727 vero
868 1686 986 1728 summa
1015 1665 1112 1745 specie
1139 1665 1201 1727 veri
1229 1666 1306 1729 haec

117 1763 118 1766 ’
156 1762 320 1825 Lobechius
342 1766 462 1844 scripsit
483 1764 617 1842 Prolegg.
634 1784 663 1845 p.
680 1763 742 1826 294
765 1766 893 1826 vocalem
918 1765 928 1824 i
950 1765 1068 1843 longam
1093 1763 1187 1824 fuisse
1210 1765 1305 1827 etiam

154 1862 185 1923 in
209 1862 320 1923 herbae
341 1864 462 1924 nomine
485 1863 681 1943 probaturus:
707 1865 871 1944 ,,σέριφος
886 1862 946 1924 sive
969 1864 1109 1945 σέριφον
1123 1862 1215 1923 herba
1230 1907 1238 1923 .
1252 1907 1260 1924 .
1275 1907 1305 1925 ..

156 1961 221 2021 sine
243 1961 332 2022 dubio
355 1962 390 2022 ab
413 1962 510 2023 insula
532 1981 644 2023 nomen
666 1962 754 2024 habet
779 1972 811 2023 ut
834 1962 931 2022 buxus
954 1960 1008 2039 (sc.
1034 1956 1143 2033 Πύξος
1160 1957 1306 2038 Ποξοῦς)

157 2067 187 2120 et
208 2059 363 2138 thapsus“.
409 2060 549 2123 Conferas
572 2062 660 2123 etiam
684 2060 970 2140 sesquitertium
988 2060 1081 2128 Vllb,
1099 2059 1132 2120 3:
1161 2056 1306 2142 Βαάρας

157 2152 353 2237 ὀνομάζεταί
374 2181 425 2232 τις
447 2157 551 2232 τόπος
573 2157 650 2242 φύει
673 2181 709 2220 σε
730 2154 824 2243 ῥίζαν
852 2153 1019 2239 ὁμονύνως
1040 2155 1218 2239 λεγομένην
1242 2152 1307 2220 αὖ·

145 2256 211 2338 -τῴ,
249 2256 325 2329 Quid
346 2255 461 2318 multa?
493 2258 619 2320 Herbam
648 2259 786 2340 σέριφον
810 2257 905 2318 insula
926 2257 993 2336 quia
1013 2255 1128 2318 ferebat
1153 2275 1306 2318 semen·

156 2356 270 2416 tilera
292 2365 398 2435 poetae
420 2356 573 2428 audiebat,
603 2376 662 2437 quo
693 2357 837 2417 sementis
863 2356 985 2416 nomine
1009 2356 1135 2416 fortasse
1156 2362 1305 2435 tanquam

123 2449 125 2453 ’
157 2454 369 2515 adserendi
398 2455 520 2516 verbum
549 2455 718 2534 pertinente
747 2472 883 2534 graecum
909 2473 1016 2515 sonum
1040 2453 1096 2532 (cl.
1120 2455 1227 2537 σέρις)
1252 2473 1306 2516 ex·

158 2553 288 2632 primere
303 2552 465 2614 videbatur.
496 2554 581 2627 Quod
597 2553 623 2614 si
643 2571 745 2613 verum
762 2561 816 2625 est,
839 2553 867 2613 si
887 2553 1052 2613 insularum
1068 2551 1169 2631 copiae
1185 2551 1317 2627 utrius--

156 2671 214 2731 que
241 2652 387 2732 reputaris
413 2652 653 2725 similitudinem,
681 2670 716 2713 eo
743 2650 880 2713 devenies
909 2651 941 2713 ni
962 2652 1047 2713 1'allor
1069 2659 1104 2712 ut
1125 2650 1305 2714 Ouidianum

157 2751 237 2812 hune
259 2769 377 2812 versum
400 2751 562 2812 rescribas:
592 2779 594 2783 ·

298 2850 529 2929 Florentemque
551 2857 616 2928 tyro
640 2849 777 2928 Cythnon
799 2849 958 2928 plantaque
980 2848 1135 2928 Seriphon

709 3060 754 3165 ru

241 3244 302 3305 lam
326 3262 395 3305 vero
418 3245 552 3324 quaestio
575 3263 610 3304 eo
631 3243 726 3322 vergit
747 3249 781 3304 ut
804 3242 916 3303 Plinius
938 3241 1007 3303 viris
1031 3241 1211 3319 gravissimis
1233 3260 1304 3320 gra·

156 3344 295 3405 sissimus
320 3343 401 3404 visus
425 3350 528 3404 auctor
551 3362 622 3404 num
645 3343 681 3403 de
704 3341 808 3402 Ovidio
825 3341 1008 3402 Halieuticon
1032 3341 1177 3420 scriptore
1201 3357 1305 3402 errare

156 3443 286 3520 potuerit
309 3451 488 3504 scrutemur.
532 3441 617 3513 Quod
641 3449 743 3502 tamen
764 3440 866 3519 paucis
890 3440 999 3501 absolvi
1022 3447 1128 3519 potest.
1175 3438 1305 3518 Scripsit

155 3540 204 3601 ille
229 3539 334 3602 llllllll
359 3540 418 3601 152
444 3541 528 3602 linito
552 3557 658 3618 magno
681 3539 806 3618 piscium
837 3538 983 3617 catalogo:
1014 3537 1068 3599 His
1089 3539 1242 3599 adiciemus
1265 3538 1304 3600 ab

158 3638 259 3700 Ouidio
283 3644 377 3718 posito
399 3641 520 3701 nomina
546 3657 618 3719 quae
648 3639 726 3718 opud
752 3639 892 3699 neminem
922 3637 1013 3698 alium
1040 3640 1227 3717 reperiuntur
1253 3636 1306 3698 sed

155 3738 288 3816 fortassis
310 3741 341 3798 in
363 3737 450 3798 Ponto
472 3741 633 3807 crescentie,
661 3737 712 3797 ubi
737 3736 769 3797 id
796 3737 929 3797 volumen
950 3739 1090 3816 supremis
1111 3738 1171 3796 suis
1192 3744 1304 3814 tempo·

156 3835 237 3896 ribus
258 3835 414 3905 t'ncobuoit,
444 3836 541 3896 bovem
563 3851 713 3913 cercyrum
734 3854 796 3914 eqs.
842 3835 1005 3913 Corruptus
1024 3834 1123 3909 locus3
1152 3851 1224 3895 nam
1246 3850 1305 3895 no·

158 3937 238 3994 οιίιιο
259 3939 405 3995 nascentia
427 3933 609 4008 absurdum3
636 3932 725 4009 igitur
747 3933 892 4013 llauptius
921 3937 1111 4005 carcereum
1141 3931 1304 4009 durissime

159 4033 363 4110 mehercule,
392 4041 480 4111 atque
502 4032 575 4093 adeo
598 4032 629 4094 ni
653 4031 770 4111 egregie
792 4031 878 4093 fallor
906 4049 968 4093 non
990 4040 1084 4104 reate3
1111 4029 1192 4110 pergi
1221 4029 1304 4091 enim

158 4131 299 4210 deinceps
324 4130 465 4192 debebat:
495 4131 588 4202 bovis,
618 4135 728 4209 cercyri
747 4149 809 4210 eqs.
853 4130 966 4192 Plinius
995 4130 1150 4209 scripsisse
1169 4128 1303 4192 videtur:

158 4231 193 4291 ob
211 4230 314 4290 Ouidio
333 4233 427 4308 posito
447 4229 634 4290 animalia..
652 4229 811 4291 .ircPoeto
833 4233 987 4300 nascentia,
1011 4230 1091 4290 velut
1113 4227 1192 4289 idem
1214 4236 1304 4291 antea

158 4328 268 4401 §1422
291 4347 350 4390 ιιοιι
372 4327 498 4390 ultanum
520 4328 633 4389 uidetur
654 4329 781 4390 iudicare
800 4347 855 4408 per
877 4338 916 4390 tot
937 4331 1032 4390 merie
1048 4372 1055 4387 .
1071 4373 1079 4388 .
1097 4371 1104 4387 .
1120 4346 1193 4407 quoe
1214 4328 1304 4389 irtel*

160 4426 293 4507 tepenter
307 4427 496 4490 animalia...
518 4445 604 4508 ecque
618 4430 786 4489 nominatim
802 4427 952 4507 complecti,
973 4426 1024 4489 ubi
1043 4426 1145 4488 nescio
1159 4443 1232 4487 num
1249 4445 1305 4489 en·
