2924 5018
605 271 849 334 -199—

159 449 417 528 interpolationem
440 447 539 529 patius
562 449 784 528 deprehendere
814 468 867 528 ego
896 457 926 510 et
950 448 1180 511 vetustissimam
1204 458 1233 509 et
1256 449 1300 510 ri-

158 548 297 609 lissimam
315 547 422 608 videor.
461 547 534 608 Nam
551 547 594 608 vel
617 546 687 609 illud
704 558 824 628 aptaque
838 551 924 610 remis
946 547 1125 609 inertissime
1140 548 1301 610 addidisset

90 719 94 724 Δ
157 646 285 726 scriptor
307 645 342 706 ad
366 646 550 708 nominatam
572 646 710 726 paludem
735 646 838 727 ipsam.
883 646 986 727 Neque
1009 646 1117 708 sterilis
1140 647 1218 718 dia,
1247 647 1299 709 sed

159 760 309 824 semper
331 746 414 826 palus
438 745 502 824 ipsa
526 745 649 807 dicenda
673 745 745 820 luit,
776 765 830 807 uec
853 746 934 809 lacile
956 747 1066 808 sentire
1089 753 1219 808 aratrum
1243 747 1300 808 dici

158 845 242 925 palus
265 845 326 926 ipsa
349 852 473 925 poterat.
517 846 609 924 lgitnr
631 853 700 907 aute
724 844 860 908 Servium
884 865 940 926 qua
963 854 1058 908 aetate
1083 845 1150 907 vitia
1172 847 1300 927 plurima

157 945 188 1005 in
212 945 333 1006 lloratio
356 944 476 1007 suborta
500 953 573 1009 sunt
599 946 796 1027 interpolator
817 947 953 1026 paludem
978 946 1168 1027 Pomptinam
1193 944 1299 1007 clarius

157 1043 341 1106 iudicandam
366 1044 449 1105 duxit
470 1062 537 1106 cum
561 1044 623 1107 iere
646 1045 691 1107 his
714 1044 819 1107 similia
843 1045 1019 1125 invenisset:

359 1193 503 1255 sterilisve
525 1195 575 1255 diu
598 1195 699 1274 glaeba
721 1203 847 1274 aptaque
870 1194 960 1256 remis

258 1292 372 1355 Vicinas
397 1292 477 1354 urbis
500 1293 552 1355 alit
574 1303 604 1355 et
626 1312 714 1371 grave
737 1293 827 1355 sentit
849 1301 990 1356 aratrum.

157 1442 257 1520 lpsum
281 1458 351 1502 vero
373 1445 447 1522 regis
468 1459 537 1522 opus
559 1449 591 1501 ut
614 1441 651 1501 de
674 1440 741 1502 divo
763 1439 836 1503 lulio
861 1440 975 1503 dictam
999 1441 1048 1516 sit,
1078 1448 1178 1503 tamen
1201 1440 1300 1502 induci

156 1558 192 1600 eo
215 1539 348 1620 potuisse
371 1541 460 1601 etiam
477 1541 643 1620 Augustum
666 1556 728 1600 non
752 1540 937 1620 negaverim,
960 1558 1088 1620 namque
1104 1540 1230 1619 Augusti
1252 1539 1300 1600 illa

157 1639 194 1699 de
218 1639 337 1700 lloratio
360 1639 395 1700 ad
420 1638 634 1701 Maecenatem:
669 1636 764 1701 Veniet
791 1657 858 1719 erqo
888 1639 923 1702 ab
952 1643 1007 1701 ista
1025 1644 1182 1723 parasitica
1202 1658 1301 1702 measa

158 1741 197 1800 ad
227 1738 301 1801 bunc
333 1742 440 1819 regiam
474 1738 564 1818 (apud
587 1739 765 1800 Suetonium
788 1739 871 1800 Reid.
894 1758 923 1819 p.
947 1740 1001 1815 45)
1034 1756 1138 1820 parum
1171 1739 1301 1819 respexit

156 1837 358 1900 blommseuus
382 1838 413 1899 in
437 1838 539 1898 Roem.
556 1837 739 1898 Staatsrecht
754 1837 792 1898 ll²
809 1856 837 1918 p.
854 1837 924 1898 741.

241 1938 453 1999 Gravissimum
487 1945 585 1999 autem
619 1936 689 1998 illud
724 1954 843 2017 quoque
876 1955 941 1997 osse
975 1937 1122 1998 existumo
1151 1937 1230 2017 qxrod
1264 1937 1300 1998 dc

157 2037 278 2099 Terenti
317 2037 418 2099 Scauri
452 2035 676 2098 commentariis
709 2042 833 2098 constat.
889 2035 992 2114 Neque
1025 2033 1104 2096 euim
1138 2034 1300 2114 speciosior

156 2153 244 2217 quam
269 2137 363 2197 verior
379 2134 608 2214 Zangemeisteri
631 2135 679 2196 illa
702 2134 870 2196 coniectura
893 2147 939 2194 est
954 2132 1009 2210 (lle
1023 2132 1094 2194 llor.
1112 2150 1172 2193 roa.
1191 2133 1297 2214 singul.

155 2256 184 2317 p.
193 2237 233 2296 to
243 2237 320 2315 sqq.)
337 2252 396 2315 qua
412 2233 591 2295 admirabilis
605 2234 724 2313 qnidam
738 2233 850 2294 Charisi
866 2233 1040 2312 explanatur
1056 2232 1137 2293 locus
1152 2251 1179 2312 p.
1191 2231 1298 2293 aaut:

155 2336 352 2415 „iavpuriter“
374 2332 512 2394 Horatius
533 2333 727 2412 epistolarum,
748 2331 896 2402 „anatra
917 2334 1067 2412 impariter
1088 2335 1191 2393 iunctis
1201 2339 1228 2403 “,
1252 2330 1302 2394 abi

158 2433 192 2506 Q.
219 2432 364 2495 Teraan'as
385 2431 513 2494 Scaurus
545 2434 576 2492 ia
598 2434 807 2492 commentariis
839 2435 870 2492 ia
903 2440 993 2492 ortem
1014 2433 1153 2510 poeticam
1175 2430 1299 2492 librali

156 2534 362 2609 „aduerbiaw
384 2534 474 2611 iuquit
495 2530 686 2612 „fiqurauit“;
721 2548 790 2591 nam
825 2530 850 2590 si
878 2529 982 2590 Scauri
1014 2530 1296 2591 commentariorum

156 2632 384 2695 horatiauoram
409 2631 483 2692 ‹luos
506 2630 597 2692 libros
620 2631 655 2692 ad
678 2617 832 2691 sermones
856 2628 1036 2708 pertinuisse
1059 2631 1109 2705 (ct.
1134 2629 1242 2709 Parph.
1269 2637 1298 2690 et

155 2733 320 2795 Comment
339 2731 459 2812 Cruqaii
476 2730 510 2792 ad
528 2730 588 2791 Sat.
603 2730 629 2790 ll
645 2731 674 2801 5,
691 2728 744 2802 92)
761 2728 910 2803 statuitur,
932 2728 1112 2806 singularem
1129 2728 1164 2790 ad
1181 2728 1298 2808 epodon

155 2830 275 2902 librum,
308 2838 451 2911 quattuor
485 2830 520 2891 ad
548 2829 688 2899 carmina,
722 2829 797 2888 duos
820 2828 856 2889 ad
880 2827 1029 2907 epistulas,
1064 2828 1122 2889 iarn
1146 2828 1181 2888 ad
1205 2837 1297 2889 artcnr

156 2932 302 3011 poetloam
326 2931 378 3010 qui
394 2928 522 3009 scriptus
539 2929 595 2990 luit
611 2935 641 2990 et
656 2927 788 2989 decimus
802 2927 859 2988 tuit
873 2935 904 2987 et
918 2926 1050 2988 ultimus.
1082 2927 1182 3007 ltaque
1197 2944 1233 2986 ex
1256 2925 1297 2987 eis

154 3029 273 3110 quaead
283 3047 337 3091 nas
346 3024 567 3090 descenderunt
578 3026 678 3088 llorati
688 3025 904 3106 exemplaribus
916 3027 947 3086 in
956 3025 1220 3107 quibasabultimo
1232 3026 1297 3088 loco

155 3130 209 3190 hrs
221 3133 334 3189 remota
348 3138 393 3189 est
416 3128 452 3188 de
465 3126 527 3206 ipsa
540 3125 654 3206 origine
666 3126 743 3187 Artis
763 3135 791 3187 et
804 3125 935 3187 editione
946 3126 1005 3187 iam
1017 3127 1103 3206 plane
1117 3125 1190 3187 nihil
1203 3124 1298 3205 colligi

154 3229 230 3290 licet.
275 3226 387 3299 Quodsi
412 3245 444 3288 ea
467 3226 571 3288 ultimo
594 3227 658 3287 loco
682 3234 816 3306 ternpore
838 3225 978 3287 Hadriani
1000 3224 1177 3297 habebatur,
1200 3226 1298 3305 specie

155 3328 179 3390 si
192 3326 292 3389 minus
306 3325 424 3398 illustri,
441 3335 470 3402 at
482 3323 626 3387 sublustri
639 3326 741 3386 saltem
759 3345 793 3386 eo
808 3324 954 3386 trahimur
966 3332 1000 3386 ut
1012 3324 1100 3385 etiam
1114 3323 1220 3386 editam
1233 3343 1297 3386 eam

154 3428 218 3488 loco
242 3425 344 3488 ultimo
367 3433 516 3506 putemus.
551 3424 703 3486 Praeterea
721 3423 776 3484 hoc
803 3424 934 3484 adverte:
958 3422 1107 3484 Charisius
1129 3423 1208 3484 anim
1236 3441 1297 3484 nan

154 3525 260 3587 refert:
290 3525 430 3586 Horatius
451 3524 528 3587 Artis
552 3527 687 3603 poeticae,
716 3523 765 3584 sed
795 3521 931 3585 Horatius
953 3523 1166 3602 Epistularum,
1199 3522 1297 3602 itaque

154 3626 241 3686 etiam
271 3625 358 3686 talem
382 3623 482 3685 llorati
510 3623 670 3684 editionem
697 3640 820 3701 eamque
843 3629 910 3701 post
933 3622 1088 3695 Scaurum,
1116 3629 1148 3683 ut
1171 3622 1295 3697 videtur,

155 3722 303 3786 exstitisse
326 3723 403 3784 clare
419 3721 574 3802 cognoscis
591 3721 623 3781 in
646 3740 702 3801 qua
726 3740 793 3782 carn
816 3721 879 3801 ipsa
895 3720 971 3783 Artis
986 3721 1139 3802 inscriptio
1161 3729 1212 3783 aut
1235 3741 1296 3783 non

154 3825 303 3903 legeretur
329 3829 379 3883 aut
402 3838 464 3883 nan
486 3821 684 3901 respiceretur
706 3838 767 3882 non
790 3821 866 3882 duos
888 3820 978 3882 libros
1001 3820 1161 3902 antiquitas
1184 3822 1297 3883 terebat

155 3922 353 4002 Epistularum
367 3920 479 3998 llorati,
493 3920 543 3981 sed
556 3908 639 3982 tres.¹
655 3921 804 3982 Charisius
818 3929 916 3981 autem
929 3921 1072 3982 lectiones
1084 3921 1157 3982 duas
1169 3920 1296 3981 diversas

154 4020 322 4093 coniunxit3
355 4019 386 4079 in
420 4019 509 4081 altera
537 4023 686 4099 impariter
713 4018 886 4080 adverbium
917 4019 1063 4081 citabatur
1093 4038 1127 4078 ex
1154 4018 1296 4099 Epistulis

155 4121 223 4193 (hoc
246 4126 292 4179 est
314 4137 348 4178 ex
365 4116 564 4198 Epistularum
589 4119 705 4193 tertiat:
730 4119 851 4179 alteram
867 4137 935 4179 vero
959 4137 1026 4179 cum
1049 4136 1084 4179 ex
1108 4118 1217 4180 Scauro
1233 4118 1296 4178 adi-

155 4226 234 4281 ceret
255 4216 307 4280 ubi
323 4217 546 4297 inscriptionem
563 4218 641 4279 Artis
656 4217 692 4279 ab
715 4218 762 4278 illa
778 4217 980 4297 Epistularum
1003 4218 1147 4280 diversam
1169 4216 1295 4291 videbat,

153 4319 213 4379 iam
228 4317 394 4378 necessario
417 4317 538 4397 plenum
555 4317 724 4380 Terentiani
747 4317 845 4396 operis
867 4317 986 4378 titulum
1010 4316 1176 4397 adponebat
1199 4317 1293 4378 huuc:

154 4416 281 4480 Scaurus
296 4420 328 4479 in
343 4420 551 4479 commentariis
572 4421 603 4479 in
625 4426 715 4478 artem
726 4420 863 4497 paett'com
880 4417 951 4479 libro
969 4415 1004 4477 X.
1043 4416 1143 4497 Neque
1159 4417 1203 4478 vel
1222 4416 1294 4478 illud
