2924 5018
609 259 852 324 -142-

155 437 324 501 Piscium
378 436 523 500 diversa
574 455 710 518 genera
737 425 1316 517 ursoulnssqanavptvcdv

156 555 227 598 non
255 543 393 599 coeunt
416 544 572 617 praeter
600 555 712 618 squa-
740 530 851 597 ἄλλον
875 527 1031 612 ἰχθύων
1146 529 1252 616 ῥίνη
1278 529 1315 597 dt

155 635 266 697 tinam
296 642 331 696 et
359 633 473 697 raiam
503 654 542 697 er
572 635 714 716 quibus
741 630 834 697 δοκεῖ
858 628 1225 714 (συνδυάζεσθαι)
1251 678 1260 695 .
1282 677 1312 694 ..

157 733 327 797 nascitur
341 732 466 812 priore
485 742 593 814 parte
615 734 714 795 raiae
741 731 809 795 καὶ
834 728 970 813 βάτος.
1000 729 1073 794 ἔστι
1089 728 1156 811 γάρ
1179 752 1238 805 τις
1261 731 1314 812 32-

156 832 714 914 (posterioresquatinaezhacc
741 829 807 904 θύς
835 826 871 904 ὃς
899 829 1097 894 καλεῖται
1133 827 1312 913 pavida·

155 931 265 1012 quippe
284 930 321 992 ab
345 932 402 993 hoc
429 933 494 993 loco
517 950 580 995 non
608 932 713 993 abesse
740 947 821 1003 τος·
847 926 912 1009 ἔχοι
927 928 1067 1012 μὲνγὰρ
1082 927 1310 1014 escatorem

156 1030 290 1111 potuisse
318 1031 363 1091 vel
390 1049 488 1092 sermo
510 1031 636 1109 clamat)
657 1030 713 1093 si·
740 1025 1188 1112 τὰέμπροσθινβοίτοο
1208 1027 1260 1093 τὰ
1275 1025 1309 1093 d'

157 1129 257 1190 milis
294 1138 330 1191 et
362 1147 497 1192 nomen
533 1149 574 1192 ex
610 1137 715 1192 utro·
742 1122 927 1191 ὄπισθεν
962 1125 1079 1212 ῥίνης
1117 1149 1164 1201 ιτς
1195 1123 1310 1206 γινό-

157 1245 229 1309 que
301 1228 545 1310 compositum
618 1228 714 1309 apud
742 1247 861 1310 μενος
889 1223 930 1298 ἐξ
958 1220 1213 1310 ἀμφοτέρων
1239 1225 1310 1293 τού-

159 1325 320 1389 Graecos
343 1329 471 1391 trahit.
742 1347 816 1389 τιον.

242 1458 349 1520 luserit
370 1459 475 1520 exinde
498 1458 610 1520 Plinius
643 1457 775 1538 pluscula
797 1474 891 1537 pausa
913 1474 990 1536 qnae
1010 1457 1089 1537 apud
1113 1456 1307 1521 Aristotelem

159 1575 221 1618 non
241 1566 313 1619 sunt
334 1566 363 1620 et
378 1576 453 1638 quae
468 1557 504 1618 de
518 1556 650 1638 piscibus
665 1556 740 1618 falso
755 1555 893 1636 accipiet
908 1575 980 1618 voce
994 1556 1138 1636 puoedom
1158 1557 1309 1620 evincitur

158 1654 240 1735 (nam
261 1657 357 1736 pisces
379 1658 496 1738 puidam
516 1656 698 1732 dicerentur)
732 1665 764 1717 et
787 1675 821 1721 eo
843 1655 924 1736 quod
945 1664 1048 1736 postca
1068 1656 1143 1736 lupo
1165 1656 1307 1718 trichiae·

158 1773 216 1834 que
228 1759 350 1836 poseium
364 1756 520 1836 genetivus
536 1754 712 1836 adponitur3
733 1754 785 1815 sed
807 1753 875 1815 talia
890 1753 965 1815 hacc
977 1760 1050 1815 sunt
1063 1772 1142 1834 quae
1165 1756 1261 1817 etiarn
1277 1754 1305 1816 in

158 1864 236 1915 terra
251 1865 425 1930 emorrant3
447 1873 540 1936 quare
554 1854 729 1934 legendum:
751 1851 902 1924 Quaedam
918 1857 1134 1933 temporeneas·
1144 1858 1306 1935 piceum

157 1966 183 2016 ct
196 1959 229 2016 ιἰι
242 1956 368 2026 domme,
390 1966 423 2016 ut
447 1959 477 2016 iu
492 1965 587 2016 terro:
608 1971 718 2016 uermes
736 1956 860 2032 pectines
885 1952 999 2014 ίιοιοτιι
1018 1952 1183 2029 hirudinem
1210 1954 1306 2016 erden

158 2063 282 2134 tenpore
316 2062 494 2116 ινοκιιτκιιι.
538 2053 615 2114 Turn
649 2069 719 2117 vero
746 2053 782 2113 ad
809 2051 888 2114 aliud
912 2051 1077 2115 Aristotelis
1108 2060 1203 2133 caput
1238 2070 1305 2136 pro-

159 2153 302 2214 curritur:

159 2266 286 2328 Piscium
328 2267 440 2346 lupus
476 2274 512 2327 et
554 2263 713 2326 trichias
741 2256 1304 2347 p.543n3sqq.:o‘tdpper·ot

156 2365 334 2427 hisanno
357 2365 511 2446 paritet
537 2364 714 2426 saxatiles
740 2383 796 2434 τος
821 2358 860 2423 δὲ
885 2357 937 2435 δὶς
965 2360 1092 2425 τούτων
1115 2359 1227 2444 μόνος
1254 2368 1301 2443 (se

157 2482 279 2540 omnes3
310 2464 492 2525 molliter
518 2463 602 2543 (haec
627 2462 714 2526 lectio
740 2461 905 2537 τίκτει),
935 2462 1062 2538 γίνεται
1091 2452 1129 2523 δ’
1161 2457 1181 2525 ὅ
1212 2461 1300 2537 τόνος

158 2563 330 2625 Aristoteles
345 2562 520 2643 comprobat
535 2581 625 2644 quarn
640 2564 713 2624 falso
741 2553 829 2632 αὐτῷ
855 2555 875 2622 o‘
896 2555 1030 2642 ὕστερος
1049 2553 1298 2647 ἀσθενέστερος.

158 2662 266 2725 reiecta
288 2681 304 2725 a
326 2662 395 2724 viris
419 2662 511 2724 doctis
534 2662 584 2741 sit)
741 2656 807 2720 καὶ
823 2653 842 2721 o‘
856 2659 1014 2742 τριχίας
1029 2653 1065 2720 δὲ
1082 2657 1156 2720 καὶ
1172 2658 1222 2723 τὰ
1237 2682 1303 2726 rre-

741 2751 1303 2843 τραίοιδίς,ἤδὲτρίγλημόνη

740 2851 830 2940 τρίς.
865 2858 1097 2940 τεκμαίρονται
1121 2852 1158 2920 δ’
1185 2856 1225 2921 ἓν
1249 2859 1306 2923 τοῦ

741 2951 854 3033 γόνον·
870 2954 941 3039 τρὶς
955 2954 1017 3040 γὰρ
1033 2957 1193 3040 φαίνεται
1203 2953 1232 3049 ,ὅ
1242 2954 1303 3038 ro‘·

740 3074 797 3128 νος
812 3057 889 3138 περί
904 3076 997 3128 τινας
1011 3050 1147 3130 τόπους.

158 3165 368 3241 utchalcis3
390 3164 532 3247 cyprini
552 3166 714 3243 sexiens3
741 3186 771 3248 p.
786 3167 880 3231 568Α
898 3167 951 3232 18:
977 3166 1121 3247 χαλκὶς
1146 3167 1305 3234 dicterio

741 3269 828 3349 τρίς
843 3268 912 3329 etA
930 3265 982 3329 16:
998 3268 1147 3330 τίκτουσι
1165 3264 1254 3332 δ’·ἒν
1267 3269 1306 3356 τῇ

742 3361 936 3450 ecunacum
950 3360 1018 3451 ὥρᾳ
1034 3376 1235 3451 κυπρῖνος
1246 3367 1306 3453 μὲν

742 3460 900 3538 πεντάκις
914 3461 935 3548 ἢ
951 3460 1099 3540 ἑξάκις.

159 3591 260 3671 ltaque
280 3589 404 3652 consilio
424 3590 499 3652 scito
518 3588 681 3653 nonnulli
704 3588 758 3651 soli
770 3599 813 3652 ter
834 3589 978 3670 scripturn
1001 3600 1045 3655 est
1066 3591 1118 3655 sed
1137 3592 1229 3657 mulli
1248 3603 1303 3657 ter:

159 3708 266 3770 nempe
289 3690 444 3751 invenerat
468 3689 615 3769 interpres
642 3689 698 3752 alio
721 3690 785 3752 loco
808 3688 898 3751 etiam
919 3689 1033 3753 chalcin
1055 3700 1102 3752 ter
1123 3692 1305 3772 parientem

160 3789 216 3851 iam
240 3786 329 3866 igitur
350 3784 421 3849 inde
436 3787 548 3849 chalcio
562 3787 703 3868 particula
725 3799 757 3850 ut
778 3787 872 3851 aliena
896 3807 929 3851 ea
952 3808 967 3851 a
989 3797 1052 3852 tota
1066 3791 1123 3853 hac
1144 3808 1305 3855 enumere-

159 3887 241 3950 tione
262 3887 320 3948 huc
344 3885 483 3957 adseruit,
504 3886 593 3948 simul
614 3885 745 3949 indidem
768 3888 923 3969 cyprinum
945 3896 980 3949 ut
1002 3886 1162 3968 adoptaret
1207 3890 1306 3971 Atque

160 3988 200 4049 ita
223 3986 270 4049 ille
285 3984 336 4069 qui
351 3983 424 4046 nihil
447 3985 509 4047 fere
531 3982 707 4048 intendebat
728 3984 787 4047 nisi
808 4004 855 4048 res
879 3984 972 4049 varias
995 4006 1030 4048 ex
1044 3986 1207 4051 Aristotele
1230 4008 1305 4053 con-

159 4103 270 4166 gerere.
307 4082 420 4148 Plinius
437 4084 545 4147 verosi
561 4084 751 4147 Aristotelem
773 4085 812 4146 ita
834 4095 937 4149 contra
953 4104 986 4148 se
1008 4087 1105 4167 ipsum
1117 4098 1305 4171 pugnantem

160 4192 292 4246 accurata
313 4181 441 4245 lectione
469 4202 502 4246 ac
524 4181 610 4245 docto
632 4183 729 4245 studio
756 4185 958 4265 comperisset,
979 4186 1079 4248 nullus
1101 4185 1208 4250 dubito
1232 4188 1306 4271 quin

161 4291 314 4363 peccatum
338 4282 448 4345 summi
471 4283 524 4345 uiri
547 4301 562 4343 a
584 4301 617 4344 se
639 4283 789 4345 detectum
812 4293 1016 4348 ostentaturus
1039 4284 1137 4347 fucrit.

160 4395 389 4476 scorpiones
430 4397 479 4471 (ita
517 4394 715 4466 scribendum,
743 4414 771 4477 p.
798 4396 889 4459 autu
917 4398 952 4457 7:
983 4391 1001 4460 ὁ
1031 4394 1073 4459 δὲ
1103 4401 1307 4482 σκορπίος
