2924 5018
618 295 841 358 ..90-

160 472 257 548 Atque
272 468 371 532 Cicero
387 471 460 533 baec
474 471 576 532 eadem
594 489 669 551 quae
684 470 863 551 Chrysippea
878 470 937 532 nisi
952 468 1052 531 omnis
1067 476 1097 530 at
1113 474 1200 531 certe
1215 468 1310 549 pluri·

162 587 240 630 mam
270 577 383 648 partem
413 575 485 631 eunt
513 570 613 632 statim
646 578 715 632 aute
749 589 895 650 peronem
920 567 1075 649 Chrysippi
1106 566 1241 649 explicat
1269 566 1311 629 lte

160 667 221 728 Fin.
239 667 311 743 llis
330 669 432 748 ldsq„
455 667 505 729 ubi
519 668 657 746 Diogenis
679 670 776 731 locum
792 668 953 748 Madvigius
976 668 1048 729 dum
1063 673 1226 747 comparat
1245 666 1311 729 sine

160 784 247 829 causa
280 767 337 827 ulla
371 766 465 846 tetigit
498 764 690 849 συνείδησιν
711 767 842 829 verbum.
887 766 929 828 Cf.
954 766 1044 827 etiam
1066 764 1142 827 Gelli
1157 764 1217 826 Xll
1232 766 1263 840 5,
1278 764 1309 827 7.

160 865 281 927 Adicere
302 864 387 927 liceat
409 883 484 946 quae
505 865 569 926 Nat.
589 865 727 941 111191
753 866 890 945 leguntur
912 863 950 925 de
971 863 1087 926 animali
1110 862 1309 945 spirabilique

160 975 266 1026 natura
288 970 397 1025 terram
414 964 668 1027 circumfundente
691 963 737 1025 cui
760 982 872 1026 nomen
895 964 934 1024 sit
956 969 1016 1036 aer,
1036 980 1073 1026 11
1095 980 1224 1043 quoque
1244 964 1308 1045 pla·

160 1061 255 1123 ruisse
271 1061 433 1142 Chrysippo
449 1062 612 1125 secundum
628 1063 788 1125 Stobaeum
804 1062 855 1123 eol.
872 1062 922 1142 pb.
939 1062 952 1124 l
967 1060 1044 1136 3743
1065 1060 1103 1123 de
1124 1062 1254 1125 aethere
1274 1080 1310 1124 ex

160 1158 306 1222 altissimis
328 1159 445 1238 ignibus
461 1167 616 1222 constante
631 1165 667 1224 cl.
685 1162 881 1242 Chrysippum
904 1160 983 1240 apud
996 1159 1078 1240 lliog.
1093 1159 1146 1222 La.
1161 1158 1220 1221 Vll
1237 1159 1307 1224 137.

245 1258 304 1319 lam
337 1258 401 1340 ipsa
434 1260 605 1323 animalium
640 1261 771 1341 exempla
794 1260 872 1340 apud
894 1259 1070 1322 Ciceronem
1095 1258 1308 1340 inspiciantur.

160 1355 341 1419 Animalibus
363 1368 468 1421 natura
491 1359 527 1420 ad
549 1359 639 1421 vitam
661 1359 847 1421 retinendam
862 1357 995 1419 membra
1019 1357 1097 1420 varia
1120 1357 1207 1421 dedit
1230 1376 1308 1439 quo·

158 1473 226 1517 rum
249 1455 363 1518 nullum
386 1476 638 1536 supervacaneum
666 1464 716 1520 aut
738 1444 800 1519 non
822 1455 1022 1518 necessarium
1044 1455 1098 1531 sit3
1127 1455 1204 1518 item
1228 1455 1307 1518 vires

159 1553 241 1614 dedit
262 1563 291 1617 ct
313 1555 501 1618 celeritatem.
539 1557 612 1618 Data
632 1563 678 1618 est
697 1555 872 1635 quibusdam
895 1554 985 1615 etiam
1006 1553 1187 1616 machinatio
1211 1572 1308 1636 quae-

159 1651 225 1713 dam
256 1662 343 1733 atque
371 1655 516 1717 sollertia:
545 1655 719 1717 adferuntur
745 1654 898 1716 araneolae
921 1650 1047 1732 (5123)
1073 1670 1204 1733 quartem
1233 1651 1306 1715 aliae

159 1750 278 1830 quidem
312 1752 376 1814 sine
408 1760 470 1814 rete
492 1753 622 1834 arripere
642 1754 781 1834 praedam
812 1753 964 1822 dicuntur,
999 1751 1070 1813 alise
1095 1758 1198 1813 autem
1222 1755 1309 1833 quest

157 1860 217 1913 rete
242 1860 343 1913 111111
366 1862 398 1913 ιιι
423 1855 450 1914 α·
472 1853 540 1934 quid
565 1853 717 1914 iabaeerit
742 1853 899 1932 confideret.
940 1850 1023 1912 ldem
1049 1849 1155 1912 eodem
1178 1849 1304 1913 consilio

157 1948 253 2010 fusius
276 1949 450 2012 Plutarchus
472 1968 500 2031 p.
517 1950 618 2012 966ss
641 1951 676 2012 ad
699 1949 800 2037 apra
823 1943 936 2028 (ὅταν
958 1946 1133 2038 ἕνσχοθῇ
1165 1967 1206 2010 τι
1239 1948 1305 2011 τῶν

159 2042 357 2128 ἁλωσίμων.
376 2093 407 2110 ..
430 2046 512 2128 'coxit
534 2057 703 2130 συναιρεῖν
722 2047 770 2121 εἰς
791 2044 922 2127 ταῦτα);
942 2048 1023 2110 idem
1039 2047 1225 2128 Chrysippus
1239 2048 1304 2130 ipre

158 2145 300 2225 (Chalcid.
317 2148 351 2208 ad
368 2147 443 2209 Tim.
460 2146 546 2228 220),
574 2149 626 2210 sed
649 2147 687 2209 ita
706 2155 740 2209 ut
759 2149 907 2208 humanae
922 2147 1039 2208 animae
1053 2145 1219 2227 principale
1234 2164 1303 2209 cum

158 2263 262 2308 aranea
279 2256 430 2328 comparet
446 2249 522 2323 (cem
537 2249 607 2330 quid
621 2266 659 2310 ear
674 2246 798 2309 bestiolis
815 2245 918 2326 pluqee
937 2244 1117 2322 1111111111).
1159 2244 1306 2326 Sequitur

157 2344 256 2425 pinar
292 2354 379 2428 atque
412 2356 446 2409 ut
478 2347 614 2428 aquatilia
637 2348 686 2408 bic
708 2345 808 2407 statim
837 2362 1014 2424 componam
1048 2343 1150 2424 sepia
1181 2362 1304 2426 quoque

157 2444 312 2507 adducitur
340 2464 415 2525 quae
444 2445 601 2508 atramenti
635 2444 779 2505 effusione
809 2460 842 2504 se
867 2449 984 2504 tutetur
1005 2441 1100 2516 §127
1129 2441 1305 2524 ibidemque

157 2543 320 2623 torpedo
336 2562 423 2624 quam
439 2545 519 2607 inter
534 2543 640 2605 similia
655 2541 807 2621 Oppianus
823 2540 923 2622 posuit
938 2539 998 2602 Hal.
1011 2539 1123 2601 111149
1138 2542 1184 2617 (et
1198 2540 1224 2601 ΙΙ
1236 2538 1304 2621 62).

156 2641 236 2702 Adeo
259 2649 288 2704 te
309 2651 360 2705 tua
383 2643 407 2704 si
430 2662 518 2724 quam
542 2659 657 2704 mecum
685 2640 779 2702 iecisti
800 2641 837 2702 de
859 2639 1024 2720 Chrysippo
1046 2637 1220 2701 coniectrma
1240 2656 1306 2701 non

157 2739 267 2803 fefellit.

242 2839 389 2900 Nonnulla
411 2839 519 2917 eligere
541 2857 577 2899 ex
598 2836 745 2899 thesauris
767 2835 929 2916 Chrysippi,
962 2835 1103 2917 pauciora
1135 2834 1227 2899 etiam
1250 2854 1307 2898 ar·

157 2937 292 3017 plicatius
315 2935 481 2998 describere
508 2935 579 2996 satis
605 2954 670 2995 esse
692 2934 817 2996 ducebat
839 2934 953 2996 Tullius
975 2933 1165 3014 ponebatque
1187 2934 1221 2996 in
1241 2935 1307 2997 sle·

158 3035 254 3113 gendo
283 3033 464 3113 elegantiam.
518 3031 630 3094 Multa
664 3032 744 3094 enim
776 3033 965 3095 eiusmodi
992 3031 1090 3114 inquit
1122 3036 1306 3113 prolerre

157 3150 331 3213 possum,
354 3132 416 3194 sed
439 3149 556 3211 genus
582 3132 705 3211 ipsum
730 3131 863 3193 videtis
886 3131 991 3211 (125);
1018 3130 1131 3193 scilicet
1152 3132 1249 3193 multa
1271 3133 1306 3195 in

160 3230 329 3294 conditorio
353 3230 445 3292 Stoici
469 3229 562 3291 seduli
593 3238 694 3308 parata
728 3229 852 3290 videbat.
896 3229 1057 3309 Elegendas
1079 3229 1168 3292 etiam
1190 3248 1305 3295 ranas

157 3330 320 3393 marinas
354 3328 437 3390 duxit
471 3326 559 3408 (125)
597 3347 672 3409 quac
706 3328 846 3390 dicuntur
881 3330 1001 3391 chamere
1034 3347 1092 3391 teas
1126 3346 1220 3391 111111
1254 3348 1305 3393 ιο-

158 3429 216 3492 lcre
251 3441 279 3492 et
317 3432 428 3490 movet
461 3445 552 3508 prope
588 3444 694 3508 aquom
733 3427 771 3488 od
803 3444 875 3507 qaas
910 3430 995 3508 ᾳααα·
1020 3427 1059 3489 ud
1086 3444 1181 3490 escam
1213 3431 1306 3509 pr'eree

158 3548 223 3590 com
252 3532 435 3599 accesserint,
472 3527 574 3608 coeptet
601 3545 620 3589 α
648 3529 730 3587 runis
759 3536 842 3606 atque
871 3529 1009 3589 coammi.
1067 3525 1169 3589 Gabidi
1204 3526 1304 3607 pisces

157 3628 209 3708 qui
240 3646 341 3690 ranam
375 3626 470 3706 ipsam
503 3643 558 3706 pro
592 3644 657 3686 esca
685 3623 820 3686 babeant.
865 3623 1000 3704 Aquatile
1027 3624 1199 3687 admirabile
1221 3626 1304 3706 quod

158 3744 273 3808 prope
325 3740 455 3802 aquam
508 3729 670 3784 moveatur.
737 3721 814 3794 Quid
865 3721 961 3782 subsit
1001 3720 1154 3802 Oppianus
1197 3723 1306 3787 doceat

156 3826 184 3888 ll
200 3824 239 3887 89
252 3840 326 3902 sqq,
353 3838 412 3900 quo
439 3821 503 3881 loco
529 3838 601 3881 rana
626 3819 739 3881 marina
765 3819 868 3881 itidem
892 3819 1023 3899 primum
1048 3824 1139 3883 arena
1171 3821 1305 3905 limoque

157 3944 189 3986 se
211 3920 311 3985 obruit
333 3917 439 3980 deinde
461 3936 530 3980 vero
552 3917 741 3979 carunculam
776 3917 908 3979 extendit
939 3934 1053 3998 prope
1086 3918 1235 3981 maxillam
1262 3922 1305 3985 si·

156 4030 234 4093 tam3
256 4021 333 4081 hauc
355 4025 492 4091 moret,
524 4011 645 4077 δόλον
669 4010 814 4092 ἰχθύσι
847 4014 1089 4094 patarenorum·
1121 4019 1157 4077 σί
1178 4011 1222 4099 dei
1243 4040 1304 4100 μιν

158 4112 368 4200 είςαρόωντες
410 4110 609 4197 ἐφορμώωσι
652 4113 880 4195 λαβέσθαι,
919 4131 1015 4176 escam
1049 4113 1170 4177 scilicet.
1225 4113 1303 4181 item

159 4218 298 4279 helianus
313 4215 352 4277 lx
369 4214 409 4275 24
431 4214 463 4275 in
485 4212 556 4274 limo
579 4232 644 4274 eam
667 4234 700 4275 se
722 4212 830 4274 abdere
844 4218 944 4273 narrat
966 4221 996 4273 et
1017 4213 1210 4293 praetendere
1224 4216 1304 4296 pilos

158 4309 829 4396 111111111111111(βλεφαρίδαςηααωῃ
862 4311 969 4392 cuique
1001 4306 1107 4393 βραχὺ
1139 4316 1305 4396 σφαιρίον

159 4414 401 4498 προςπίφιικεν.
445 4412 654 4492 bdnatareque
685 4412 782 4492 pisces
816 4429 1010 4490 escamque
1041 4412 1119 4474 banc
1146 4426 1212 4475 esse
1231 4416 1301 4495 opi-
