2924 5018
606 274 850 338 -123-

241 449 337 528 Atque
360 449 531 510 communia
554 452 647 529 poetis
669 451 786 514 duobus
809 469 869 512 non
893 470 984 530 pauca
1008 452 1167 515 minutiora
1189 452 1301 524 vidum

154 548 246 608 tinem
262 547 318 608 bac
331 547 525 609 similitudine
547 549 651 609 iaciam
678 548 813 628 quamvis
841 569 902 613 nou
929 551 1073 614 debeatur
1099 553 1157 615 nisi
1183 551 1300 614 coniec-

156 655 249 706 turae.
281 645 356 706 Nam
372 645 409 706 de
424 646 503 707 ranis
520 645 640 709 Ovidius
658 667 681 708 v.
703 647 777 709 125:

256 783 333 857 Turn
349 784 464 867 lepores
480 784 541 856 lati,
557 792 621 847 tum
638 786 743 848 molles
758 794 874 866 tergore
890 803 979 847 ranae

256 880 387 943 Extremi
402 901 511 965 paseuc

157 1021 294 1085 Ceterum
315 1020 434 1084 ruinam
460 1022 631 1086 hexameter
657 1023 754 1085 traxit.
792 1024 854 1087 Nos
880 1025 995 1089 turbata
1023 1045 1079 1095 vox
1100 1044 1207 1107 poseuc
1229 1023 1301 1104 quid

156 1119 321 1198 significare
336 1119 466 1199 potuerit
492 1120 672 1198 cogitemus;
699 1141 806 1201 pasce
816 1124 879 1185 ndi
906 1124 1027 1204 quidem
1042 1123 1125 1187 verbi
1140 1124 1235 1192 forma
1250 1129 1302 1184 aut

157 1226 253 1281 metro
269 1219 437 1281 autsensui
457 1219 537 1282 nulla
563 1220 821 1297 accomodabitnr3
847 1222 924 1285 aliud
951 1242 1049 1285 sermo
1076 1234 1107 1285 et
1133 1222 1229 1302 aptius
1256 1221 1302 1282 vix

156 1316 331 1397 praestabit3
358 1323 497 1397 expiertus
523 1335 592 1379 vero
607 1317 743 1383 disiectas
763 1319 875 1383 litteras
900 1320 940 1384 ita
968 1321 1094 1400 colliges,
1124 1328 1156 1383 ut
1183 1320 1301 1385 nancis-

157 1415 232 1481 caris
262 1425 384 1496 aspectu.
428 1415 489 1477 lam
520 1417 623 1497 copula
653 1417 808 1480 deficiente
838 1437 949 1483 norum
979 1419 1071 1501 piscis
1102 1436 1211 1482 nomen
1241 1435 1303 1480 non

157 1513 336 1595 probabilius
352 1514 477 1578 induces
493 1533 582 1594 quam
598 1515 716 1594 aliquod
732 1515 857 1597 deipsis
872 1518 953 1582 ranis
968 1517 1178 1598 praedicatum.
1210 1516 1304 1591 Quid·

157 1630 228 1686 uam
243 1612 334 1693 igitur
353 1612 383 1684 in
397 1613 479 1677 ranis
496 1613 630 1686 extremi,
654 1614 820 1694 etquidem
837 1617 917 1696 quod
932 1616 1031 1680 notari
1047 1624 1168 1696 aspectu
1183 1611 1303 1695 possit?

156 1712 321 1781 Dibcillima
345 1729 411 1773 res:
438 1712 643 1793 quaerendum
670 1721 716 1781 est
741 1713 820 1777 enim
849 1713 997 1793 genitivus
1012 1713 1061 1779 ille
1077 1713 1304 1777 molestissimus

157 1811 237 1875 unde
249 1810 433 1890 pependerit
452 1800 513 1874 'Sin
529 1819 629 1873 autem
642 1810 812 1892 Oppianum
826 1812 991 1893 inspexeris
1007 1812 1059 1893 qui
1075 1810 1194 1893 scripsit
1209 1810 1303 1876 1186:

162 1978 165 1982 -
259 1932 476 2017 Βάτραχος
492 1929 533 1998 αὖ
548 1933 663 2019 νωθὴς
677 1936 738 2018 μὲν
753 1931 843 2018 ὁμῶς
857 1936 913 2001 καὶ
929 1935 1104 2019 μαλθακὸς
1120 1931 1231 2015 ἰχθύς,

258 2035 430 2111 αἴσχιστος
446 2029 479 2096 δ’
497 2033 644 2101 ἰδέειν·
662 2033 770 2116 στόμα
785 2031 819 2098 δ’
835 2038 963 2114 οἴχεται
979 2032 1075 2119 sriqri
1090 2027 1282 2118 positiove,

157 2172 261 2221 vereor
275 2171 314 2220 ne
328 2157 381 2219 tibi
397 2158 436 2220 ita
452 2159 514 2220 iere
531 2159 668 2222 Ovidium
685 2161 876 2241 complevisse
892 2179 1009 2224 versum
1025 2162 1218 2243 persuadeas:

481 2292 547 2347 tum
563 2285 668 2349 molles
683 2294 801 2368 tergore
816 2305 914 2362 ranae,
1015 2355 1018 2359 ,

259 2383 428 2471 Extremi
445 2371 568 2465 aspectu
583 2391 677 2448 taeter
693 2383 800 2464 quibus
816 2385 895 2449 oris
912 2383 1018 2449 hiatus.

158 2515 192 2576 id
219 2521 318 2577 antem
344 2514 425 2577 haud
451 2513 512 2576 scio
536 2532 609 2579 num
635 2506 696 2578 τόν
721 2511 814 2592 βῶκα
833 2516 912 2595 apud
928 2516 1124 2600 Oppianumi
1143 2516 1202 2580 lit)
1217 2514 1306 2582 scho-

158 2613 242 2674 liasta
257 2631 359 2674 ranam
376 2631 441 2676 esse
467 2621 547 2674 recte
574 2612 682 2676 dixerit
710 2614 865 2691 degentem
892 2613 1013 2693 quidem
1040 2615 1123 2679 illum
1151 2629 1210 2677 una
1237 2632 1304 2676 cum

159 2730 263 2774 mecm
290 2720 320 2773 et
344 2711 473 2774 smaride
498 2702 566 2774 ὑπὸ
594 2705 747 2792 χλοεραῖς
772 2708 944 2797 ceraeque.
989 2713 1092 2777 Molles
1119 2720 1234 2790 tergore
1260 2711 1306 2773 di-

159 2817 270 2872 cuntur
285 2810 317 2871 ni
331 2809 418 2872 fallor
432 2811 500 2891 quia
527 2829 595 2891 pars
620 2828 711 2873 ranae
726 2811 874 2891 posterior
899 2819 930 2877 et
955 2810 1017 2891 ipsa
1034 2811 1126 2879 cauda
1141 2809 1224 2873 valde
1239 2826 1307 2872 car·

161 2908 605 2988 nossesee(hrist.695B14l
627 2909 780 2988 maiorque
802 2909 935 2996 corporis
956 2907 1120 2990 amplitudo
1143 2907 1306 2989 superioris

159 3008 263 3086 (Arist.
277 3005 372 3070 cccl
388 3008 442 3088 27)
457 3008 641 3072 credebatur.
1007 3019 1010 3026 ’

162 3128 165 3133 ·
245 3106 381 3169 Vidimus
407 3107 624 3188 Germanorum
654 3106 774 3186 quidem
801 3106 936 3186 piissimo
964 3115 1086 3171 cantore
1114 3105 1207 3170 invito
1232 3124 1308 3185 quae

161 3212 301 3283 contecta
316 3212 345 3267 at
360 3207 511 3269 mucelata
528 3205 671 3269 inaccessi
685 3204 809 3285 gurgitis
822 3204 954 3274 tenebris
970 3206 1095 3270 deorum
1110 3204 1307 3286 propitiorum

161 3305 245 3367 iussu
282 3304 503 3366 delitescebant.
550 3303 699 3365 Clauditur
736 3303 929 3382 profundum.
975 3305 1097 3371 Terram
1132 3303 1306 3383 premimus.

160 3402 442 3483 Circumspiciamus
472 3403 619 3483 quamvis(
635 3401 773 3467 delassati
808 3401 972 3482 spirituque
1008 3401 1115 3468 anhelo
1146 3409 1180 3461 ut
1207 3417 1247 3469 ne
1277 3400 1308 3460 in

160 3501 456 3582 nudas'proiciamur
481 3501 589 3564 iterum
616 3518 691 3565 num
717 3518 806 3578 quem
832 3503 962 3567 fructum
983 3499 1071 3563 huius
1087 3497 1263 3565 minationis
1279 3506 1309 3559 et

161 3600 372 3681 quasiipsum
396 3618 486 3680 quem
513 3607 594 3663 vates
620 3599 668 3661 ille
694 3597 768 3662 dixit
793 3597 930 3677 cyathum
957 3615 1082 3665 aureum
1097 3597 1307 3665 invenerimus.

162 3701 202 3761 ht
226 3698 316 3761 enim
332 3699 460 3779 scopulis
487 3716 541 3776 ego
567 3698 598 3761 in
625 3698 688 3781 imo
703 3697 877 3763 haerentem
893 3697 1053 3786 desperans
1079 3697 1185 3777 reliqui
1212 3714 1309 3776 neque

161 3798 228 3864 eins
243 3797 300 3859 nisi
316 3797 476 3876 imaginem
492 3796 632 3881 conspexi
647 3795 820 3874 ambiguam·
831 3807 860 3861 et
875 3795 964 3862 nimis
980 3796 1171 3863 diffluentem.
1203 3861 1206 3865 ,
1278 3860 1281 3865 ,

196 3952 199 3956 ,
239 3894 373 3974 ,Proprie
400 3895 537 3959 Ovidium
569 3894 692 3981 hahere,
722 3896 840 3975 propria
867 3896 956 3959 etiam
982 3895 1148 3975 Oppianum
1175 3893 1308 3956 animad-

162 3994 287 4066 uertisti,
310 3993 400 4057 simul
419 4002 520 4058 tamen
535 3993 743 4059 similitudines
764 3993 844 4057 iuter
860 4003 1022 4074 utrumque
1036 3992 1222 4058 intercedere
1237 3991 1309 4055 tales

163 4103 194 4155 et
209 4103 269 4155 tam
285 4093 403 4159 crebras
418 4101 452 4156 ut
467 4111 570 4155 casum
589 4093 621 4154 in
642 4092 677 4153 iis
693 4091 789 4155 valere
804 4094 994 4159 nonoredas.
1024 4091 1134 4155 credes
1149 4088 1310 4151 halieutica

164 4192 261 4272 aliqua
276 4190 443 4270 antiquiora
458 4190 615 4257 obversata
629 4189 736 4255 animis
752 4190 909 4270 utriusque
928 4210 1003 4266 esse.
1031 4208 1106 4269 quae
1133 4206 1196 4253 non
1217 4187 1309 4251 inter-

160 4288 339 4372 pretatione,
365 4289 418 4355 sed
443 4287 609 4356 imitatione
634 4288 729 4353 secuti
750 4287 818 4354 sint.
845 4289 905 4353 Sed
921 4289 1017 4369 primo
1033 4288 1098 4353 loco
1113 4284 1309 4351 solertiarum

165 4387 292 4474 piscium
323 4402 383 4454 une
412 4387 537 4456 oonsilio
565 4387 744 4468 scriptarum
773 4387 1008 4457 narratiunculas
1038 4386 1080 4455 ita.
1109 4384 1308 4455 conformatas

165 4485 324 4567 utrobique
340 4486 446 4560 vidisti,
470 4495 510 4558 ut¹
525 4505 575 4548 eos
591 4505 696 4567 prosae
718 4486 819 4566 potins
841 4485 983 4548 orationis
1008 4483 1201 4547 fabulatorem
1225 4483 1310 4565 quasi
