2924 5018
613 255 833 320 ..30-

155 434 186 495 id
206 433 285 514 quod
300 431 436 495 'lhuanei
456 431 547 512 magis
569 431 638 493 libri
657 433 715 494 lide
738 431 845 493 nititur
859 431 912 510 qui
929 431 1032 492 babet:
1058 433 1086 491 ri
1097 431 1178 511 [orte
1199 430 1306 512 aliquis

96 580 102 589 ,
156 534 223 593 dum
242 543 369 612 prooem
390 542 451 593 reto
466 551 528 611 eqs.
571 531 666 612 htque
691 532 820 611 aliquam
847 530 908 590 veri
937 529 1067 609 speeiem
1096 530 1130 591 in
1160 529 1211 590 bis
1240 548 1307 591 esse

70 659 74 667 ¹
156 632 181 693 si
204 632 270 712 quis
292 631 443 710 agnoverit
466 632 600 710 ignoscet
628 631 707 710 quod
734 647 789 690 nos
818 648 936 709 quoque
965 631 997 689 in
1026 629 1082 690 ista
1111 629 1186 690 olim
1216 628 1308 690 rerba

157 731 328 793 iuravimus.
361 730 456 803 Quem
472 749 572 791 meum
587 747 721 790 errorem
740 729 808 808 quie
829 746 869 788 ue
883 727 1017 807 Zingerle
1037 726 1158 807 quidem
1172 726 1309 788 correxit

157 829 303 907 corrigere
324 829 383 889 iam
407 828 559 908 mihiipsi
582 827 770 889 concedatur.

241 928 279 988 Et
318 927 449 1006 primum
488 935 587 1006 captat
620 927 646 987 is
679 927 739 986 reri
773 923 1047 985 dissimilitudinem
1081 924 1133 1002 qui
1165 924 1308 987 'l'huanei

157 1026 318 1105 scripturas
346 1023 626 1086 Vindobouensibus
656 1022 821 1102 anteponit.
875 1021 987 1083 'laedet
1015 1021 1096 1082 enim
1125 1040 1310 1085 enumerare

157 1125 224 1185 vitia
240 1142 315 1204 quae
329 1123 377 1183 ille
392 1121 481 1184 hahet
499 1123 607 1184 borum
629 1122 751 1184 similia:
777 1122 896 1182 Btmoro
920 1124 1022 1182 umero
1046 1119 1098 1180 ubi
1117 1120 1206 1182 lr'ind.
1227 1131 1310 1183 reete

158 1224 195 1285 lit
221 1239 320 1283 morsu
342 1225 437 1294 ωηιξη
459 1239 540 1282 amos
557 1231 649 1302 portat
671 1224 815 1300 captiuam
836 1223 925 1281 mocr's
948 1218 998 1280 ubi
1011 1218 1099 1279 l'ind.
1114 1227 1214 1280 reete:
1239 1224 1310 1282 11111-

160 1338 222 1382 mos
239 1325 323 1399 ponit
348 1324 458 1401 captiva
483 1324 619 1392 minorem
649 1323 759 1380 maiore
778 1337 885 1398 greum
906 1316 1174 1381 obtundente:
1209 1322 1309 1382 maior

158 1437 303 1499 equorum
349 1420 457 1481 Contra
477 1417 713 1480 l'indohonensis
733 1436 883 1496 nusquam
903 1416 1030 1478 vincitur
1048 1435 1065 1477 a
1084 1415 1223 1477 Parisino
1252 1417 1310 1479 uisi

159 1517 191 1578 in
210 1517 299 1580 rebus
317 1517 486 1588 levissimis,
508 1517 686 1598 plerumque
705 1515 949 1596 orthographicis,
970 1525 1004 1576 ut
1022 1517 1119 1594 saepiu
1135 1513 1231 1577 babet
1253 1532 1310 1595 pro

159 1617 251 1697 sepio,
285 1618 402 1680 cordidit
431 1635 486 1696 pro
514 1617 624 1687 11111111,
656 1619 808 1696 imperauit
835 1632 890 1695 pro
916 1617 1093 1694 mtpetrooit,
1127 1612 1311 1675 metentur

160 1734 215 1794 pro
241 1716 439 1803 creberrima,
471 1719 589 1796 cmpedis
614 1734 669 1794 pro
695 1718 842 1794 eupostd,
876 1713 921 1774 111
941 1714 1001 1793 {uit
1026 1711 1107 1773 Grat
1122 1730 1150 1771 1.
1170 1712 1234 1772 104
1257 1709 1311 1773 ubi

160 1813 253 1874 Parit.
279 1825 330 1875 out
351 1816 411 1894 fuit
439 1815 490 1877 sed
521 1825 533 1874 t
560 1813 639 1875 linea
668 1815 802 1885 traiecto,
828 1816 956 1892 excerpit
976 1829 1031 1891 pro
1053 1813 1171 1890 occoepit,
1199 1829 1312 1890 magno

161 1931 232 1992 quoe
254 1932 308 1991 pro
329 1931 497 1992 maestoque,
521 1912 649 1992 denique
671 1917 781 1974 oimeas
803 1911 855 1973 sub
878 1911 942 1972 Hal.
960 1911 999 1972 13
1020 1908 1073 1970 ubi
1092 1907 1185 1970 Paris.
1209 1911 1311 1971 mirrea

160 2011 213 2072 aab
245 2029 315 2071 cum
347 2010 504 2090 legendum
536 2011 576 2072 sit
604 2014 699 2071 vimen
730 2010 787 2072 sed.
836 2009 955 2072 Accedit
987 2009 1070 2070 locus
1103 2006 1156 2068 ubi
1185 2017 1311 2087 praeter

162 2109 272 2175 calami,
291 2127 421 2170 errorem
448 2108 570 2170 vindob.
597 2108 668 2169 item
696 2127 712 2169 a
738 2128 808 2170 vero
834 2107 956 2188 propior
986 2125 1051 2168 esse
1087 2123 1177 2184 11111111
1207 2106 1310 2168 Parae.

161 2205 280 2267 videtur
310 2206 390 2269 Grat.
417 2206 472 2268 34:
504 2205 630 2286 Optume
657 2205 827 2287 Cinyphiam
856 2225 926 2268 nam
956 2205 1124 2268 Parisinus:
1154 2200 1315 2282 opemaer

162 2305 309 2385 nymphia,
334 2304 586 2366 vindobonensis:
613 2315 733 2384 optumo
754 2305 931 2386 tiriaypbr'oe.
974 2302 1126 2365 Difficilior
1150 2301 1236 2364 locus
1265 2310 1312 2364 est

163 2404 244 2466 Grati
258 2423 285 2464 v.
301 2402 342 2464 69
353 2422 418 2483 sqq.
434 2403 486 2482 qui
507 2407 547 2465 ita
569 2402 631 2465 lere
652 2404 685 2465 in
706 2403 807 2466 Vind.:

262 2563 330 2644 lpse
353 2564 425 2625 deus
448 2565 603 2644 cultorque
625 2564 679 2625 leri
702 2561 872 2643 Tirynthius
894 2563 986 2636 orbis,

264 2665 359 2738 Quem
384 2682 464 2725 mare
487 2682 577 2743 quem
598 2663 688 2724 tellus
711 2681 799 2743 quem
821 2681 962 2743 praeceps
983 2662 1071 2723 ianua
1093 2659 1170 2721 llitis

265 2761 371 2822 Omnia
394 2770 592 2841 temptantem
617 2779 673 2840 qua
695 2762 759 2822 laus
781 2768 845 2823 erat
867 2761 951 2823 obvia
974 2759 1085 2841 *passi

264 2859 341 2920 llinc
362 2860 452 2921 decus
475 2867 505 2920 et
527 2860 623 2921 famae
644 2859 775 2938 primum
797 2859 965 2941 impetrarit
986 2860 1143 2922 honorem.

164 3030 219 3091 llio
244 3048 298 3109 pro
320 3034 401 3110 passi
422 3032 455 3092 in
481 3031 573 3093 Paris.
599 3040 644 3093 est
666 2997 716 3112 pie
737 3036 770 3094 si.
816 3032 1047 3112 Subposuerunt
1079 3032 1126 3094 alii
1151 3030 1313 3111 ineptiora,

166 3128 312 3208 Hauptius
332 3149 420 3209 passo
441 3142 494 3203 est;
516 3149 578 3192 non
599 3131 670 3193 satis
691 3138 786 3203 certo,
806 3132 898 3192 immo
918 3131 1008 3208 lals03
1035 3150 1101 3193 esse
1122 3131 1205 3193 eninr
1220 3138 1312 3211 poeta

167 3227 315 3289 semideos
345 3229 461 3290 volebat
491 3231 638 3310 exempla,
669 3249 773 3309 quam
803 3248 930 3309 magua
960 3230 1124 3292 mercede
1153 3229 1194 3291 illi
1224 3230 1314 3291 silvas

166 3326 338 3407 impulerint
352 3327 401 3403 (cl.
418 3327 482 3405 65),
508 3326 549 3388 ita
576 3335 610 3389 ut
628 3327 784 3389 llerculem
805 3328 927 3389 omnino
948 3335 1152 3409 exspectemus
1171 3326 1313 3389 laboran-

166 3433 243 3486 tem:
268 3423 381 3498 „Qum
398 3442 487 3497 mare,
510 3445 592 3514 qoem
614 3427 713 3500 tellus,
735 3445 818 3508 qoem
835 3444 973 3506 praeceps
998 3431 1088 3490 ianua
1109 3426 1184 3490 Ditis
1207 3426 1315 3489 Omnia

167 3531 347 3601 temptantem
370 3541 427 3603 quo
448 3525 513 3586 lom
527 3535 589 3586 erat
611 3527 694 3588 obvio
708 3525 837 3605 pressit“
858 3525 1000 3604 pergique
1014 3525 1161 3587 videatur:
1179 3524 1264 3597 Hirro,
1280 3532 1315 3587 ut

168 3621 221 3681 sit:
241 3638 303 3682 uon
318 3621 377 3684 nisi
391 3623 461 3685 hinc
478 3626 576 3703 samoe
595 3626 759 3704 impetravit
773 3624 915 3686 bonorem.
932 3658 969 3667 —
990 3624 1074 3687 Unus
1089 3625 1172 3686 locus
1194 3631 1242 3684 est
1262 3621 1315 3685 ubi

168 3727 268 3797 aperte
296 3719 419 3781 meliora
448 3721 551 3800 legisse
581 3721 734 3783 videbatur
761 3721 895 3782 Tbuanei
923 3720 1076 3798 librarius3
1108 3722 1161 3783 sed
1191 3728 1315 3783 econtra

168 3815 385 3895 neglegentiam
405 3817 454 3879 ille
474 3817 576 3898 prodit
596 3819 803 3900 interpretum.
841 3820 1002 3901 Praecepta
1024 3820 1060 3882 de
1082 3818 1157 3881 cassi
1177 3818 1314 3881 iacienda

169 3914 255 3995 ponit
277 3914 394 3977 Gratius
410 3935 437 3977 1.
453 3914 493 3975 25
506 3935 588 3998 sqq.:

270 4076 368 4139 Prima
390 4075 495 4138 iubent
515 4078 601 4140 tenui
622 4084 795 4140 nascentem
819 4076 941 4158 iungere
962 4077 1011 4139 filo

270 4175 408 4237 limbum
431 4183 461 4236 et
482 4176 679 4258 quadruplicis
701 4184 853 4238 tormento
875 4175 1055 4255 adstringere
1077 4176 1200 4239 limbos:

270 4275 320 4336 llla
344 4292 469 4354 operum
491 4274 617 4353 patiens,
639 4276 687 4336 illa
710 4294 782 4337 usus
804 4274 880 4337 linea
901 4275 991 4354 longi.

272 4372 357 4435 l'uuc
371 4373 470 4454 ipsum
485 4373 584 4436 medio
599 4392 712 4438 cassem
735 4374 787 4454 qui
808 4373 941 4437 nascitur
962 4391 1014 4438 ore
