2924 5018
621 271 845 337 ...98-

159 455 275 526 practer
298 447 450 509 hominem
474 467 539 508 esse
562 448 710 508 dixerant:
737 445 768 507 id
790 445 929 526 placitum
958 445 1113 525 impugnat
1133 444 1187 506 ille
1209 452 1241 508 et
1263 463 1312 505 ar-

159 546 308 623 gumentis
331 546 366 607 ab
389 546 451 626 ipsa
474 547 589 608 ratione
611 545 712 625 petitis
740 553 770 607 et
790 545 1079 613 narratiuncularum
1103 543 1253 623 exemplis
1275 542 1312 605 ad

132 690 135 699 .
159 644 319 707 bestiarum
344 645 433 705 vitam
449 644 663 724 pertinentium
687 663 758 723 quas
782 644 852 705 dum
875 643 1005 705 adnectit
1027 642 1199 723 quaestioni
1222 640 1312 705 simul

157 742 240 806 locus
264 743 350 805 datur
382 743 474 816 alteri,
500 743 689 805 terrestriane
710 761 747 803 an
770 741 907 822 aquatilia
927 741 1060 803 animalia
1076 740 1240 821 prudentia
1263 757 1311 801 re-
1336 794 1339 799 .

158 842 306 921 liquiscyue
334 841 492 903 virtutibus
518 850 670 921 praestent
698 861 732 902 ac
760 840 917 901 uenatione
947 847 1076 919 praestet
1105 857 1143 901 an
1173 837 1311 918 piscatio.

160 941 220 1001 lam
243 939 433 1001 Plutarchum
461 940 514 1000 ubi
542 940 710 1001 Stoicorum
738 939 879 1003 rictorem
908 939 983 1017 gerit
1005 937 1188 1017 Chrysippea
1219 953 1312 1016 quam

160 1038 286 1099 maxime
321 1056 440 1118 carpere
474 1037 583 1116 scripta
616 1055 679 1099 non
713 1039 858 1117 estquod
882 1037 984 1099 dicam.
1029 1035 1105 1097 Nam
1128 1054 1194 1097 non
1218 1052 1313 1113 agua-

160 1153 242 1195 scere
276 1136 331 1196 iam
367 1153 427 1197 non
461 1144 580 1214 poteras
605 1135 803 1207 Plutarchum,
836 1143 869 1196 ut
891 1136 967 1196 solet
988 1135 1052 1196 lieri
1075 1134 1133 1195 isto
1156 1152 1245 1206 aero,
1280 1134 1312 1195 in

158 1233 296 1295 sollertiis
319 1234 376 1295 illis
392 1234 557 1297 scribendis
572 1234 771 1295 adversarium
788 1252 877 1294 suum
900 1233 936 1295 iis
952 1233 1024 1313 ipsis
1039 1233 1184 1312 spoliasse
1199 1231 1313 1311 quibus

159 1351 226 1393 enm
250 1331 418 1394 devicturus
446 1341 498 1393 est.
543 1333 697 1413 Vituperat
719 1332 766 1393 hic
794 1351 912 1411 quoque
929 1332 1052 1401 Stoicos,
1073 1331 1144 1393 terit
1166 1331 1313 1411 Chrysip-

158 1450 238 1510 pum.
284 1431 355 1492 ldeo
379 1431 457 1510 quod
481 1450 510 1511 p.
534 1430 634 1491 969ss
658 1431 826 1492 dialecticos
853 1430 923 1491 dicit
956 1431 999 1491 uti
1033 1431 1129 1492 solere
1162 1448 1241 1491 cane
1275 1429 1311 1491 ad

158 1529 359 1608 syllogismum
393 1528 451 1590 τὸν
481 1526 540 1591 διά
573 1525 740 1591 πλειόνων
773 1523 1009 1609 διεζευγμένον,
1043 1529 1125 1591 hunc
1152 1527 1313 1608 Chrysippi

157 1628 248 1689 fuisse
271 1627 473 1708 syllogismum
498 1636 623 1689 testatur
640 1628 746 1688 Sextus
762 1626 866 1706 Pyrrh.
885 1627 990 1707 Hypot.
1006 1627 1019 1686 l
1035 1627 1084 1688 69.
1120 1627 1207 1701 Quod
1226 1645 1312 1689 sum·

158 1746 241 1789 mum
265 1735 318 1799 est,
343 1728 415 1788 falso
431 1727 545 1788 Stoicos
568 1727 598 1787 id
621 1744 729 1804 negare
753 1725 832 1799 dicit,
854 1726 952 1787 inesse
974 1725 1079 1787 bestiis
1101 1723 1311 1808 προςάοιιίαν

158 1823 289 1908 μνήμην
305 1825 475 1906 πρόθεσιν
489 1822 701 1905 παρασκευήν
716 1820 752 1884 τὸ
770 1820 919 1895 ἐλπίζειν
929 1820 966 1884 τὸ
980 1821 1169 1885 δεδοικέναι
1180 1823 1221 1884 τὸ
1235 1816 1311 1884 ἒπε-

159 1925 284 2003 θογιεῖν
306 1919 343 1984 cd
366 1917 543 2000 ἀσχάλλειν
557 1942 585 2001 p.
603 1921 664 1982 960
680 1922 712 1994 F,
735 1921 809 1983 falso
831 1922 944 1983 referre
966 1921 1003 1983 ad
1026 1940 1074 1983 eas
1097 1922 1310 1983 tantummodo

159 2019 277 2083 ὡσανεὶ
294 2020 507 2100 θυμοῦσθαι,
532 2016 655 2082 decret
670 2021 858 2101 φοβεῖσθαι
874 2038 901 2098 p.
920 2017 979 2079 961
997 2019 1034 2090 E3
1058 2019 1182 2081 eandem
1206 2038 1310 2083 revera

159 2121 190 2180 in
214 2119 370 2200 Chrysippi
392 2119 474 2181 libris
498 2120 647 2181 exstitisse
669 2118 849 2180 sententiam
873 2135 991 2179 sumere
1021 2117 1121 2179 liceret
1143 2117 1200 2179 nisi
1224 2118 1308 2181 testis

157 2219 287 2279 disertus
304 2218 432 2279 Galenus
455 2227 533 2280 esset
549 2218 585 2279 de
601 2219 673 2297 plac.
689 2217 826 2295 Hippocr.
840 2217 914 2277 Plat.
928 2223 1000 2276 tom.
1012 2215 1051 2277 ΙΙΙ
1062 2215 1096 2276 Κ.
1109 2233 1140 2294 p.
1153 2213 1309 2299 289sqq.;

156 2319 193 2378 cf.
216 2337 245 2397 p.
262 2319 322 2380 431
342 2319 459 2380 ecclc.
505 2319 568 2391 Qua
603 2317 749 2378 sententia
784 2315 963 2394 Chrysippus
997 2313 1103 2375 Stoicis
1137 2314 1306 2377 rationibus

157 2418 268 2477 llrmata
293 2415 360 2495 quia
383 2425 485 2477 contra
511 2435 543 2476 se
566 2417 662 2495 ipsum
689 2434 820 2495 pugnare
849 2413 1002 2475 videbatur
1017 2413 1126 2493 quippe
1148 2415 1200 2494 qui
1216 2416 1308 2477 simul

158 2523 189 2575 ut
202 2513 350 2575 mundum
364 2514 510 2594 optimum
524 2533 589 2576 esse
603 2515 750 2576 evinceret
762 2515 885 2576 virtutes
897 2512 1043 2573 humanas
1054 2511 1191 2590 plurimis
1204 2512 1308 2575 bestiis

156 2631 272 2672 summa
285 2613 418 2674 doctrina
433 2612 593 2684 tribuisset,
602 2614 678 2673 hanc
690 2631 837 2674 summam
847 2609 1012 2672 doctrinam
1023 2609 1201 2673 Plutarchus
1212 2611 1307 2693 Chry·

156 2710 241 2791 sippo
264 2710 373 2790 eripuit
387 2712 594 2791 propositurus
617 2712 706 2772 etiarn
730 2711 865 2773 hocloco
882 2707 1029 2771 στωϊκῷν
1051 2705 1308 2791 ἐναντιωμάτων

156 2811 336 2889 exemplum.
385 2810 552 2871 Iucundum
587 2820 686 2871 autem
720 2820 767 2871 est
797 2808 964 2887 comperire
998 2806 1077 2887 apud
1111 2805 1306 2871 Plutarchum

157 2909 339 2969 dialecticam
362 2926 482 2988 quoqne
505 2909 652 2970 rationem
681 2928 738 2989 qua
768 2908 805 2968 ad
833 2907 1011 2986 paradoxum
1039 2924 1123 2967 suam
1152 2903 1308 2975 existima·

155 3005 268 3067 tionem
284 3006 478 3084 philosophus
495 3007 630 3085 egregius
646 3007 806 3086 propulsus
828 3005 934 3079 luerit3
957 3004 1021 3084 ipsa
1037 3002 1193 3082 Chrysippi
1215 3002 1307 3067 verba

157 3103 283 3164 citantur
306 3122 334 3183 p.
352 3102 413 3165 960
433 3106 469 3165 B:
499 3100 543 3178 alc
571 3104 616 3186 τῷ
640 3105 753 3189 θνητῷ
780 3102 817 3165 τὸ
846 3096 1225 3165 decennovennalem
1249 3098 1309 3164 καὶ

155 3202 201 3282 τῷ
223 3203 367 3287 φθαρτῷ
389 3200 425 3266 τὸ
449 3199 626 3286 ἄφθαρτον
648 3199 705 3265 καὶ
721 3200 849 3285 σώματί
872 3225 909 3281 γε
931 3199 968 3263 τὸ
991 3194 1177 3283 ἀσώματον,
1201 3194 1309 3275 οὕτως

156 3297 338 3384 ὑπάρχοντι
361 3302 407 3387 τῷ
429 3301 551 3384 λογικῷ
573 3304 691 3386 χρῆναι
713 3300 749 3365 τό
775 3298 896 3379 ἄλογον
926 3296 1142 3363 ἀντικεῖσθαι
1165 3295 1222 3363 ναὶ
1246 3294 1309 3363 άν-

155 3398 345 3482 θοπάρχειν
368 3399 423 3463 καί
445 3399 490 3485 μη
512 3398 617 3484 μόνην
638 3400 673 3464 ἓν
695 3399 850 3474 τοσαῖςδε
872 3396 1042 3477 συζυγίαις
1076 3389 1176 3481 άτελῷ
1208 3395 1310 3481 τήνδε

157 3496 338 3562 λείπεσθαι
362 3499 417 3562 καὶ
441 3503 694 3584 πεπηρωμένην.
738 3500 805 3561 Non
834 3500 899 3561 siue
932 3499 1036 3560 fraude
1067 3517 1100 3559 ac
1131 3497 1197 3567 dolo
1232 3498 1308 3557 haec

155 3600 196 3659 ita
219 3601 403 3679 excerpsisse
419 3599 611 3661 Plutarchum
634 3600 665 3660 in
680 3598 835 3678 propatulo
858 3605 917 3659 est:
942 3615 1055 3659 nexum
1070 3614 1171 3659 rerum
1196 3595 1309 3658 delevit

156 3715 215 3776 quo
239 3698 389 3759 conclusio
412 3699 483 3759 haec
504 3705 685 3777 quapropter
701 3696 887 3759 dialecticum
911 3695 1151 3758 versutissimum
1174 3694 1310 3757 tenuerit

156 3794 333 3874 explicatum
362 3811 443 3855 nunc
469 3803 529 3856 tarn
560 3795 688 3858 absurda
709 3813 759 3856 res
782 3804 816 3856 ut
837 3813 911 3876 puer
940 3813 973 3857 ac
999 3794 1165 3857 tirunculus
1188 3793 1309 3855 obicere

155 3912 230 3972 ‹yuae
254 3890 362 3953 obiecit
385 3892 558 3955 Plutarchus
582 3892 702 3955 debeat:
732 3890 836 3970 άλογα
865 3894 973 3974 quippe
1006 3891 1105 3953 omnia
1136 3909 1201 3953 esse
1229 3911 1308 3972 quae

155 4002 184 4053 et
207 3988 341 4073 ἄψυχα,
372 3991 449 4052 velut
477 3991 590 4071 lapides
620 3993 809 4071 arboresque.
853 3991 896 4052 lta
928 4008 989 4052 nen
1006 3988 1193 4052 'caecutiebat
1216 3990 1309 4053 Stoae

155 4091 206 4152 lux
227 4089 402 4168 praesertim
435 4088 466 4148 in
494 4107 526 4149 re
556 4091 637 4151 unde
668 4090 838 4168 gravissima
872 4087 1048 4170 pendebant.
1093 4087 1219 4151 Ratione
1242 4089 1308 4151 dia-

164 4188 254 4250 ectica
278 4187 391 4249 Stoicos
414 4197 504 4268 atque
527 4189 653 4250 maxime
669 4189 865 4268 Chrysippum
887 4196 985 4249 totum
1001 4187 1135 4249 divisisse
1151 4187 1305 4250 mundum

153 4295 268 4364 ynotum
303 4296 348 4347 est
380 4296 409 4347 ct
442 4285 562 4366 quidem
597 4287 737 4348 membris
769 4304 885 4367 semper
917 4286 1002 4347 binis.
1057 4286 1142 4347 blodo
1176 4286 1309 4349 Senecae

155 4386 291 4447 consulas
315 4386 471 4465 epistulam
489 4383 528 4446 58
545 4394 594 4447 aut
611 4385 759 4447 Ciceronis
776 4385 817 4445 lle
834 4386 910 4446 ollio.
928 4385 952 4445 ll
971 4387 1003 4445 ll
1025 4395 1077 4446 aut
1099 4403 1174 4464 quae
1196 4385 1309 4466 largius
