2924 5018
625 262 847 326 ..gg-

166 436 245 514 quod
268 435 314 497 bis
344 437 466 518 ponitur
499 436 581 499 nullo
615 437 671 498 alio
703 437 889 518 interposito,
924 438 1011 518 quale
1034 445 1085 501 est·
1101 447 1134 501 et
1155 436 1233 500 illud
1256 439 1318 499 iuer

160 537 272 615 iamque
296 535 393 596 ethis
416 535 537 597 similia:

261 647 329 708 Met.
345 645 409 708 XlV
428 645 501 707 183:
530 648 677 728 Tempora
706 649 749 710 sic
775 647 894 726 lugiunt
921 647 1032 728 pariter
1060 647 1237 728 pariterque
1264 667 1315 712 se·

871 812 874 816 A
1059 754 1204 826 quuntur.

258 841 327 904 llet.
344 842 475 904 111580:
497 845 551 905 ede
574 852 659 907 tuum
684 863 793 907 nomen
817 861 989 925 nomenque
1011 851 1182 925 parentum.

260 940 329 1002 Met.
346 940 450 1001 1642:
474 950 503 1002 at
524 943 572 1003 illa
595 952 710 1022 patrem
734 943 868 1022 sequitur
891 943 1086 1023 sequiturque
1108 960 1245 1004 sorores.

260 1039 326 1099 Met.
345 1038 407 1100 Vlll
423 1038 498 1100 292:
528 1060 593 1103 area
620 1042 730 1103 frustra
753 1042 790 1103 Et
817 1041 929 1102 frustra
952 1049 1132 1122 expectant.
1149 1087 1157 1101 .
1175 1086 1183 1102 .
1200 1041 1315 1106 horrea

260 1137 328 1197 lllet.
350 1136 388 1196 Vl
413 1136 488 1198 193:
518 1140 592 1201 Sum
620 1140 689 1202 felix
717 1141 801 1220 (quis
830 1139 911 1201 enim
945 1148 1033 1219 neget
1068 1140 1141 1214 hoc)
1177 1139 1316 1222 felixque

1077 1237 1206 1299 manebo

260 1332 328 1394 Met.
346 1335 370 1394 ll
388 1335 463 1397 108:
489 1337 546 1410 Qui
568 1335 709 1398 citharam
733 1337 830 1398 nervis
854 1344 884 1398 et
905 1336 1003 1397 nervis
1025 1344 1174 1416 temperat
1194 1354 1313 1399 arcum.

259 1431 326 1493 Met.
342 1433 395 1494 Xll
411 1434 488 1495 609:
510 1445 638 1497 armarat
660 1437 732 1497 deus
754 1436 834 1497 idem
856 1435 996 1515 idemque
1019 1444 1176 1496 cremarat.

260 1531 296 1591 cl.
315 1532 419 1610 Vergili
438 1533 498 1593 Vlll
514 1533 590 1594 649:
614 1534 780 1613 indignanti
800 1533 926 1594 similem
948 1534 1134 1614 similemque
1156 1533 1294 1596 minanti

260 1639 289 1690 et
304 1629 421 1692 Lucreti
437 1632 462 1693 ll
480 1632 556 1692 106:
580 1633 682 1694 Cetera
699 1632 849 1694 dissiliunt
872 1634 959 1711 longe
976 1635 1121 1713 longeque
1141 1641 1314 1707 recursant,

260 1738 289 1790 et
305 1730 441 1810 Properti
457 1731 496 1792 lll
514 1732 563 1805 12,
582 1732 637 1794 13:
662 1734 695 1793 ln
718 1751 767 1794 me
789 1735 845 1794 tela
866 1741 986 1794 manent
1011 1741 1112 1794 manet
1133 1740 1162 1793 et
1186 1733 1315 1812 puerilis

1106 1849 1204 1911 imago

159 1924 198 1983 ita
222 1934 256 1984 ut
278 1945 369 2004 paene
392 1928 507 1989 mireris
530 1929 618 1990 etiam
641 1929 708 1990 talia
730 1939 765 1992 ut
786 1932 886 1991 Amor.
904 1931 915 1990 l
931 1931 960 2005 2,
976 1931 1014 1991 41
1040 1930 1110 2008 legi:

259 2023 304 2083 Tu
326 2026 433 2103 pinnas
456 2045 580 2105 gemma,
604 2045 720 2105 gemma
745 2029 874 2090 variante
893 2030 1023 2109 capillos.

159 2133 255 2213 Atque
278 2135 336 2196 huc
358 2138 419 2200 fere
443 2140 532 2200 etiam
552 2141 634 2202 locus
657 2141 705 2202 ille
728 2141 858 2221 pertinet
880 2140 912 2201 in
935 2141 1000 2202 lllet.
1018 2140 1041 2200 X
1059 2140 1137 2202 200:

797 2255 877 2315 nisi
900 2253 925 2314 si
946 2254 1053 2314 lusisse
1075 2252 1204 2315 vocari

259 2346 370 2426 Culpa
396 2357 531 2429 potest,
561 2352 635 2412 nisi
664 2352 769 2431 culpa
792 2360 914 2432 potest
938 2361 972 2414 et
995 2371 1108 2414 amasse
1132 2352 1273 2414 vocari.

159 2492 236 2567 Quid
261 2508 331 2550 vero
355 2491 391 2550 dc
414 2491 521 2552 Tibulli
544 2511 632 2553 versu
655 2493 734 2554 dices
756 2494 814 2565 17,
829 2494 870 2554 ab
894 2513 983 2574 quem
1007 2495 1116 2555 edunt:

259 2594 325 2654 lluc
347 2594 415 2654 ades
439 2602 468 2655 et
490 2595 609 2672 genium
633 2596 702 2656 ludo
725 2597 905 2676 geniumque
928 2597 1044 2658 choreis
1067 2591 1275 2658 Concelebra?

158 2708 256 2769 Mirari
281 2726 334 2786 ego
358 2707 511 2768 nonsatis
535 2726 658 2786 possum
682 2726 743 2769 non
772 2708 847 2770 ludis
869 2718 989 2787 poetam
1012 2709 1064 2770 sed
1095 2709 1162 2770 ludo
1185 2707 1308 2768 dixisse.

158 2807 320 2886 Singularis
335 2823 480 2865 numerus
503 2805 617 2867 alienus
641 2806 665 2866 is
689 2815 719 2867 et
742 2807 777 2866 ab
794 2807 898 2867 Ovidio
919 2812 1000 2882 (nam
1017 2808 1086 2868 Met.
1103 2806 1130 2866 X
1147 2803 1208 2868 182
1223 2806 1309 2868 lusce

157 2907 329 2984 legendum)
353 2911 383 2963 et
406 2922 421 2964 a
445 2902 611 2982 Propertio,
642 2904 709 2983 quia
731 2905 810 2966 diem
833 2907 962 2966 natalem
987 2922 1046 2965 uno
1069 2902 1211 2965 celebrari
1233 2903 1307 2965 ludo

156 2998 250 3084 paene
280 3001 438 3063 ridiculum
468 3010 527 3074 est,
562 3019 599 3063 nc
626 3002 658 3062 in
692 3003 840 3065 Tibullum
871 3003 992 3082 quidem
1015 3002 1209 3064 inculcandus
1238 3001 1305 3064 tuit

156 3104 237 3164 Libri
259 3102 301 3163 ita
324 3100 440 3180 potius:
908 3184 911 3188 .

257 3201 323 3262 Huc
344 3199 412 3259 ades
436 3207 466 3260 et
486 3207 606 3260 centum
630 3201 714 3262 ludos
738 3200 919 3280 geniumque
941 3199 1056 3261 choreis
1080 3199 1267 3261 Concelebra.

157 3302 259 3380 ltaque
282 3298 386 3361 accidit
413 3316 535 3359 sensum
569 3309 702 3378 apertum
726 3300 780 3360 viri
803 3299 912 3360 summi
937 3307 969 3359 ut
992 3318 1053 3358 non
1076 3298 1220 3359 viderent.
1268 3300 1306 3360 Et

158 3400 240 3461 ludos
262 3398 403 3460 celebrare
427 3397 611 3458 sollemniter
639 3397 746 3458 dicitur
775 3408 805 3458 et
827 3397 953 3458 natalem
977 3396 1126 3476 (garriam)
1149 3397 1304 3472 celebrare,

157 3499 233 3558 sicut
249 3495 373 3556 Ovidius
391 3514 426 3554 ex
441 3495 537 3557 Ponto
553 3497 589 3557 lV
606 3496 634 3569 9,
654 3496 728 3557 116;
752 3496 879 3557 carolem
903 3495 976 3556 ludis
996 3500 1046 3556 soit
1068 3495 1223 3557 celebrare.
1257 3498 1305 3559 An

157 3614 225 3655 vero
254 3597 288 3656 ἓν
318 3592 377 3655 διὰ
406 3592 502 3656 δυοῖν
532 3594 689 3655 enuntiare
718 3612 779 3654 non
808 3593 912 3654 licebat
936 3593 1052 3654 Tibullo
1084 3594 1161 3668 (vide
1184 3592 1305 3657 Disseni

156 3693 246 3772 prael.
263 3712 291 3772 p.
308 3689 468 3772 textu?
491 3693 600 3752 Vellem
623 3692 711 3770 igitur
731 3692 833 3772 aliquis
850 3692 884 3752 ad
905 3691 998 3771 legem
1015 3692 1190 3753 attendisset
1204 3694 1306 3754 mani-

156 3791 344 3852 festissimam
367 3790 540 3862 hexametri,
567 3809 624 3869 qua
651 3790 719 3851 bina
741 3791 926 3851 hemistichia
954 3790 1087 3853 ornanda
1112 3790 1142 3850 in
1166 3790 1226 3851 fine
1248 3811 1303 3854 cu-

155 3889 296 3950 rabantur
318 3889 438 3950 vocibus
469 3906 558 3949 sensu
591 3888 760 3966 iungendis:
795 3889 875 3967 quod
898 3889 1054 3951 artificium
1077 3897 1106 3951 et
1140 3889 1171 3949 in
1194 3890 1303 3968 quinto

157 4007 276 4066 quoque
298 3989 470 4048 hexametro
499 3986 586 4066 primi
617 3986 684 4047 libri
707 3986 865 4048 Tibulliani
894 4005 1049 4048 occurrere
1077 3995 1106 4048 et
1129 3987 1205 4066 apud
1230 3987 1304 4050 alios

156 4086 250 4146 multo
274 4086 361 4147 etiam
383 4086 507 4164 spissius
524 4085 744 4146 observavimus
760 4085 815 4162 (ld
831 4086 899 4146 hist.
917 4085 981 4146 hex.
997 4104 1025 4165 p.
1043 4084 1113 4161 51);
1135 4084 1304 4164 iungendae

157 4184 247 4262 igitur
280 4185 437 4245 choreae
471 4193 618 4245 centum
654 4194 725 4244 sunt
755 4203 788 4244 ea
816 4185 930 4244 ratione
958 4202 1014 4264 qua
1038 4183 1159 4244 Ovidius
1183 4184 1304 4263 scripsit

156 4282 401 4344 Met.x111952:
431 4281 551 4344 Pectora
573 4283 739 4361 {lumibibus
761 4283 861 4345 iubeor
882 4301 1041 4363 supponere
1063 4294 1188 4356 centum,
1211 4291 1303 4363 alque

156 4381 295 4441 Martialis
323 4381 348 4441 ll
376 4382 423 4456 14,
448 4381 482 4442 9:
517 4380 587 4442 lade
615 4386 686 4462 petit
719 4392 830 4443 ceruum
860 4384 1013 4463 prodentia
1045 4391 1118 4442 tectu
1151 4381 1302 4443 colum.
