2924 5018
605 255 845 320 -136-

157 441 257 502 labore
280 456 368 520 quarn
393 435 537 516 exquisito
566 435 689 496 iunctim
717 432 864 513 permulta
887 450 903 491 a
925 429 1017 492 latino
1040 429 1194 509 scriptore
1218 429 1309 509 posita

157 547 228 601 sunt
260 556 336 618 quae
369 535 515 597 disiuncta
538 553 572 595 ac
594 534 726 614 dispersa
747 532 825 612 apud
848 547 985 610 graecum
1009 537 1175 591 auctorem.
1223 529 1310 590 Hunc

157 640 247 718 igitur
262 636 456 698 durissimum
479 634 610 695 laborem
628 635 726 713 ipsum
742 629 872 691 Plinium
895 628 1021 690 subiisse
1042 636 1135 709 atque
1150 629 1200 690 rel
1220 627 1309 690 latine

157 737 248 799 libros
271 732 471 796 Aristotelieos
494 731 617 792 vertisse
645 740 678 792 ut
701 730 851 791 crederem
880 727 989 789 frustra
1013 727 1156 807 equidem
1181 746 1234 789 me
1256 745 1309 807 pa-

157 837 228 906 ravi,
261 851 336 914 quae
369 851 416 894 res
450 849 511 893 non
546 831 641 892 solum
677 829 846 891 difficillima
882 827 938 889 luit
969 828 1022 889 sed
1054 827 1149 889 etiam
1183 826 1308 889 ridicule

157 950 376 1016 supervacanea
399 930 545 1010 siquidem
569 929 657 990 simul
680 929 728 989 ille
743 926 931 989 Aristotelem
948 925 1038 1005 Trogi
1060 925 1193 987 latinum
1211 926 1308 989 mani·

157 1036 212 1096 bus
234 1031 379 1094 versabat.
423 1031 519 1108 Atque
545 1028 769 1090 conclusionem
802 1026 980 1107 apertiorem
1013 1042 1103 1106 quam
1132 1026 1216 1088 hane
1248 1044 1308 1088 nou

156 1130 270 1195 audiri:
294 1148 363 1191 nam
387 1126 499 1188 Plinius
522 1126 553 1187 in
575 1127 651 1187 libro
675 1125 814 1199 xxxiia
831 1123 891 1185 152
914 1123 1001 1204 plane
1021 1123 1123 1204 ignota
1148 1132 1180 1185 et
1203 1123 1311 1187 sibiet

157 1229 327 1293 auctoribus
361 1227 424 1289 suis
457 1245 490 1288 ea
520 1226 641 1287 nomina
671 1225 741 1287 dicit
767 1243 844 1305 quae
873 1233 903 1286 et
930 1223 1008 1304 apud
1030 1221 1228 1285 Aristotelem
1251 1224 1310 1287 ba·

158 1331 281 1413 quentia
311 1337 342 1390 et
372 1328 403 1389 in
435 1328 499 1407 ipso
522 1344 604 1388 nono
632 1325 707 1387 libro
730 1344 745 1386 a
769 1324 864 1386 Plinio
887 1323 983 1403 posita
1005 1329 1093 1398 sunt3
1127 1323 1237 1405 itaque
1264 1324 1310 1386 in-

158 1428 290 1493 credibili
317 1425 466 1489 celeritate
489 1442 602 1487 nonum
626 1425 674 1486 ille
697 1424 805 1485 librum
828 1421 1062 1498 consarcinavit3
1083 1423 1168 1503 atqui
1188 1422 1310 1487 Aristo·

158 1529 231 1591 teles
258 1528 322 1608 ipse
352 1542 413 1586 non
443 1523 648 1604 pervolitando
672 1523 764 1603 (quod
787 1522 897 1583 mirum
919 1529 1065 1600 quantum
1088 1520 1230 1601 placebat
1251 1522 1310 1598 illi3

158 1628 195 1689 el.
209 1625 285 1688 Plini
298 1624 420 1686 minoris
433 1622 517 1704 epist.
532 1622 624 1703 1115),
639 1622 691 1684 sed
707 1620 875 1683 tardissimo
891 1627 1007 1681 tantum
1023 1619 1125 1682 labore
1141 1631 1173 1683 et
1187 1622 1269 1684 verti
1282 1630 1310 1685 et

158 1723 273 1804 excerpi
303 1730 434 1804 poterat3
470 1739 539 1800 ergo
569 1720 743 1800 gravissimo
775 1728 930 1781 auratorum
960 1716 1008 1780 ille
1042 1735 1104 1780 non
1134 1719 1216 1783 lecto
1240 1738 1308 1784 ern·

157 1823 276 1886 ditionis
297 1841 331 1883 se
353 1837 498 1883 oceanum
522 1819 659 1881 reddidit.
704 1818 781 1891 Quid
809 1819 890 1898 quod
912 1817 991 1879 inter
1012 1816 1112 1897 ignota
1139 1818 1192 1881 illa
1219 1821 1309 1883 etiarn

158 1921 354 2002 chrysophrys
376 1919 470 1981 adest.
505 1917 662 1980 Nesciebat
684 1917 774 1997 igitur
796 1917 910 1979 Plinius
933 1916 973 1978 ita
988 1915 1045 1979 dici
1060 1925 1182 1981 auratas
1198 1919 1309 2000 quibus

159 2024 361 2084 Romanorum
384 2028 474 2099 atque
496 2036 550 2079 sua
572 2017 666 2098 ipsius
681 2017 766 2096 siqua
789 2025 874 2078 erant
896 2016 1002 2078 rivaria
1017 2016 1162 2081 inundata
1177 2019 1309 2081 videbat.

160 2119 270 2197 (Minus
307 2137 393 2198 grave
427 2123 473 2178 est
505 2116 586 2197 quod
609 2115 716 2176 Xllllll
735 2117 794 2177 154
818 2135 835 2177 a
863 2116 946 2177 nullo
974 2123 1095 2178 auctore
1120 2118 1308 2181 nominatam

159 2220 356 2300 sphyraenam
379 2217 449 2279 dicit
470 2234 547 2296 quae
578 2225 623 2277 est
650 2215 727 2296 apud
750 2215 939 2277 Aristotelem
973 2215 1090 2291 semel).
1134 2217 1237 2298 Atque
1270 2217 1309 2281 ita

158 2337 221 2382 rem
255 2337 287 2380 se
323 2317 431 2379 habere
465 2317 523 2377 iam
547 2314 746 2377 Schneiderus
769 2314 839 2376 olim
870 2314 1075 2394 pronuntiavit
1103 2313 1163 2394 (ed.
1189 2317 1308 2381 Aristi

158 2439 187 2500 p.
205 2417 306 2494 lllllll)
329 2416 483 2495 simileque
506 2415 542 2475 de
555 2414 760 2494 Theophrasto
783 2414 819 2475 ad
842 2413 989 2494 Theophr.
1007 2414 1030 2475 V
1045 2414 1122 2488 5403
1143 2413 1306 2498 blontigny,

158 2517 280 2597 genium
295 2515 371 2577 Plini
393 2522 466 2595 puto
483 2532 521 2574 ne
542 2514 714 2587 offenderet,
737 2512 865 2574 mediam
889 2511 964 2574 viam
988 2512 1180 2593 ingressurus
1204 2515 1304 2597 legisse

160 2616 278 2696 quidem
302 2613 430 2676 Plinium
454 2631 556 2692 graeca
579 2612 691 2684 statuit,
722 2631 939 2693 saepenumero
961 2631 1032 2675 vero
1054 2613 1135 2675 locos
1158 2613 1236 2679 inde
1258 2634 1305 2679 ex·

160 2716 286 2796 scriptos
315 2731 375 2776 non
399 2712 435 2774 ad
459 2730 580 2774 manum
605 2710 743 2773 habuisse
769 2711 897 2791 ideoque
920 2730 956 2773 ex
978 2711 1076 2791 Trogo
1098 2711 1223 2793 Nigidio
1245 2715 1308 2779 aliis

158 2834 221 2876 rem
255 2812 310 2875 sibi
344 2810 550 2891 suppeditasse
579 2811 609 2885 (l.
634 2811 652 2871 l.
674 2829 702 2890 p.
723 2808 785 2886 52).
842 2810 998 2872 Diffidebat
1030 2811 1217 2877 Schneidero
1251 2813 1309 2876 Sil·

159 2913 245 2990 ligius
268 2928 389 2990 quoque
412 2908 524 2984 (staur,
553 2910 675 2971 Aristot.
699 2908 727 2969 b.
751 2908 779 2969 d.
803 2908 945 2979 homero,
978 2927 1007 2988 p.
1030 2909 1114 2985 100),
1148 2911 1309 2977 oblocutus

159 3019 205 3073 est
237 3010 269 3070 A.
299 3008 335 3070 de
358 3008 532 3069 Gutschmid
565 3009 595 3069 in
629 3008 810 3070 Fleckeiseni
837 3009 914 3069 Aun.
941 3009 1038 3089 suppl.
1061 3009 1088 3070 ll
1109 3028 1139 3090 p.
1162 3011 1229 3077 179
1243 3032 1307 3095 sqq.

159 3111 256 3189 Atque
279 3107 356 3187 apud
379 3106 458 3168 hunc
481 3106 638 3169 coniuncta
653 3107 742 3187 Trogi
758 3108 922 3185 fragmenta
938 3115 990 3170 aut
1012 3108 1048 3170 de
1061 3108 1172 3188 plantis
1196 3121 1251 3176 aut
1271 3112 1307 3174 de

159 3205 335 3271 animalibus
358 3212 431 3287 quot
455 3214 617 3286 supersunt
640 3206 739 3268 omnia
761 3224 824 3268 non
846 3206 969 3269 deducta
993 3206 1051 3268 nisi
1073 3216 1126 3270 aut
1147 3229 1183 3272 ex
1209 3213 1309 3275 Theo-

159 3308 279 3390 phrasto
302 3315 353 3368 aut
376 3324 412 3366 ex
434 3304 590 3366 Aristotele
618 3325 682 3368 esse
699 3304 812 3367 videbis
835 3304 885 3378 ita,
909 3314 943 3367 ut
964 3305 1017 3368 hos
1040 3306 1115 3369 duos
1137 3308 1256 3393 Trogus
1276 3332 1309 3377 so

159 3407 319 3470 conciliare
353 3405 425 3467 velle
456 3405 564 3467 litteris
592 3404 691 3466 latinis
718 3405 871 3485 professus
904 3403 998 3466 fuisse
1020 3404 1161 3469 videatur.
1210 3411 1307 3474 Unum

159 3507 216 3568 hoc
238 3503 319 3586 quod
344 3504 421 3584 apud
445 3504 611 3566 Charisium
634 3512 680 3565 est
701 3522 729 3583 p.
748 3503 817 3583 137,
834 3502 854 3563 9
869 3503 909 3564 ll:
930 3507 1023 3585 itaqua
1040 3502 1165 3587 Trogum
1186 3509 1224 3573 de
1243 3514 1309 3573 otti·

161 3604 284 3666 molibus
298 3602 371 3665 libro
388 3601 545 3682 Xporium
566 3621 755 3666 rratmeroaum
776 3614 803 3665 ct
827 3606 986 3683 importum
1011 3621 1071 3666 aaa
1094 3614 1169 3668 reate
1191 3608 1307 3681 domes,

160 3702 208 3764 sed
219 3718 325 3782 porum
339 3711 365 3762 et
386 3704 531 3780 impurum
553 3701 655 3781 (atque
671 3702 863 3764 memorabile
883 3702 914 3763 id
930 3720 1050 3783 quoque
1066 3704 1137 3766 haec
1161 3724 1195 3766 ex
1212 3706 1307 3770 Plinio

160 3802 225 3882 ipso
248 3799 438 3878 grammatico
461 3800 643 3880 prompsisse
665 3801 853 3882 charisium),
877 3800 1062 3864 dubitantius
1082 3801 1307 3869 Gutschmidius

163 3900 200 3963 ad
222 3897 387 3959 Aristotelis
410 3916 438 3977 p.
456 3897 591 3960 680133
619 3900 732 3961 rettulit
764 3899 814 3961 ubi
848 3899 945 3961 echini
979 3917 1040 3962 non
1075 3900 1217 3964 dicuntur
1250 3904 1309 3968 nisi

161 3998 270 4061 habere
293 3997 352 4058 ἴσα
373 4017 408 4058 τε
429 3995 475 4079 τῷ
501 3991 638 4080 ἀριθμῷ
663 3995 705 4060 τὰ
731 3994 781 4082 ᾠὰ
806 4000 862 4060 sal
885 3995 1040 4081 περιττάς
1072 3999 1256 4080 probabilius
1277 4003 1309 4066 ni

161 4099 245 4162 fallor
272 4097 308 4158 ad
331 4095 475 4177 polypoda
497 4097 659 4160 rettulisset
681 4117 756 4178 qnae
779 4098 949 4160 Aristoteles
972 4117 1001 4178 p.
1019 4097 1118 4160 70813
1134 4098 1152 4159 5
1169 4117 1239 4181 sqq.
1262 4101 1309 4165 iu·

163 4198 268 4260 cedere
302 4214 391 4276 posse
424 4203 525 4257 narrat
558 4213 619 4257 non
652 4197 748 4259 solum
782 4196 902 4276 paribus
936 4214 1062 4260 numero
1094 4197 1223 4278 pedibus
1257 4202 1309 4265 sed

164 4296 251 4359 etiam
285 4294 457 4375 imparibus.
503 4294 635 4375 Denique
661 4295 773 4358 Plinius
801 4314 876 4376 quae
902 4296 939 4358 de
964 4315 997 4359 se
1020 4297 1117 4359 valere
1139 4300 1311 4378 praetendit

163 4394 296 4468 Vlllll,
327 4395 421 4457 valere
451 4394 521 4458 haec
550 4393 586 4456 de
616 4394 712 4475 Trogo
742 4394 867 4467 sciebat,
897 4394 1010 4458 scilicet
1031 4395 1310 4479 quinquaginta
